@STRING(PRL="Phys. Rev. Lett.")
@STRING(PRA="Phys. Rev. A")
@STRING(RMP="Rev. Mod. Phys.")


@MISC{Comment:collision-hydrodinamic,
    title = "{\rm The axial collisional regime follows from a collisional rate tipically larger than the axial trapping frequency. For insance at the trap center the collisional rate is of the order of 200 sec$^{-1}$, to be compared with $\nu_{\rm z}=12$ Hz}",
}

@MISC{Comment:molasses,
    title = "{\rm After loading in the dark-spot MOT we keep atoms for 5 ms in an optical molasses to reduce temperature.
    Magnetic fields are switched off, cooling light detuning is linearly ramped from $-\Gamma$ to $-3\Gamma$ and its intensity decreased by 20\%.}",
}

@MISC{Comment:field,
    title = "{\rm We believe that the main source of error in the simplified model comes from the computed magnetic field. In fact the vacuum system
    weldings show some finite magnetization and being around the cooling area they might modify the actual field. In addition the model considers only the
    field along the central vertical axis, but atoms feel the slowing force on a circle of 8 mm radius, where the maximum field along a vertical line can vary by
    more than 10\%.}",
}

@MISC{SupplementalMaterial1,
    title = "{\rm See Supplemental Material at URL for images of detected solitonic vortices and for 2D and 3D simulations}",
}

@MISC{SM,
    title = {\rm See Supplemental Material},
}

@MISC{Note1,
    title = "{\rm Simulations with larger values of the chemical potential are beyond the limits of our computational resources.}",
}

@MISC{Note2,
    title = "{\rm Although not all defects are identified as solitonic vortices we expect them all to contain vorticity after several seconds of wait time. A large tilt of the vortex line with respect to the imaging axes and edge position of the defect along the axial coordinate of the condensate \protect\cite{SupplementalMaterial1} might contribute in masking their nature.}",
}


@MISC{Note1-outcoupling,
    note = "{\rm Optical levitation is performed with a blue-detuned beam to compensate for gravity and a radio frequency dressing \protect\cite{Zobay01} is used to keep the out-coupled fraction confined and clearly detectable after the expansion. In particular, the RF field is such to produce a mexican-hat potential which refocusses the atoms in the radial directions, whereas the slower axial expansion is barely perturbed.}"
}

@MISC{Note2-outcoupling,
    note = "{\rm A precise statistical analysis is not possible here because information on the phase shift can be extracted only in the data subset where the crossing point occurs at about half of the inspected time evolution ($\sim10\%$ of the cases). Clear phase shifts are present in about half of this subset.}"
}

@MISC{ZwierleinPC,
    title = "{\rm M. Zwierlein, Private Communication - or ref to conference in Trieste.}",
}

@MISC{ProukakisPC,
    title = "{\rm N. P. Proukakis, Private Communication.}",
}

@article{AboShaeer01,
	author = {Abo-Shaeer, J.R. and Raman, C. and Vogels, J.M. and Ketterle, W.}, 
	title = {Observation of Vortex Lattices in Bose-Einstein Condensates},
	volume = {292}, 
	number = {}, 
	pages = {476-479}, 
	year = {2001}, 
	doi = {}, 
	journal = {Science} 
}

@article{Achucarro06,
  title = {Effective nonintercommutation of local cosmic strings at high collision speeds},
  author = {Ach\'ucarro, Ana and de Putter, Roland},
  journal = {Phys. Rev. D},
  volume = {74},
  issue = {12},
  pages = {121701},
  numpages = {4},
  year = {2006},
  publisher = {American Physical Society},
  doi = {10.1103/PhysRevD.74.121701},
}


@article{Aftalion01,
	author = {Aftalion, A. and Riviere, T.}, 
	title = {Vortex energy and vortex bending for a rotating Bose-Einstein condensate},
	volume = {64}, 
	pages = {043611}, 
	year = {2001}, 
	doi = {10.1103/PhysRevA.64.043611}, 
	journal = {Phys. Rev. A}, 
	publisher = {American Physical Society}
}

@article{Allen14,
	author = {Allen,A.J. and Zuccher, S. and Caliari, M. and Proukakis, N. P. and Parker,  N. G. and Barenghi, C. F.}, 
	title = {Vortex reconnections in atomic condensates at finite temperature},
	volume = {90}, 
	pages = {013601}, 
	year = {2014}, 
	doi = {10.1103/PhysRevA.90.013601}, 
	journal = {Phys. Rev. A}, 
	publisher = {American Physical Society}
}

@article{Anderson2000,
  title = {Vortex Precession in Bose-Einstein Condensates: Observations with Filled and Empty Cores},
  author = {Anderson, B. P. and Haljan, P. C. and Wieman, C. E. and Cornell, E. A.},
  journal = {Phys. Rev. Lett.},
  volume = {85},
  issue = {14},
  pages = {2857--2860},
  year = {2000},
  publisher = {American Physical Society},
  doi = {10.1103/PhysRevLett.85.2857},
}

@article{Anderson2001,
  title = {Watching Dark Solitons Decay into Vortex Rings in a Bose-Einstein Condensate},
  author = {Anderson, B. P. and Haljan, P. C. and Regal, C. A. and Feder, D. L. and Collins, L. A. and Clark, C. W. and Cornell, E. A.},
  journal = {Phys. Rev. Lett.},
  volume = {86},
  issue = {14},
  pages = {2926--2929},
  year = {2001},
  doi = {10.1103/PhysRevLett.86.2926},
  publisher = {American Physical Society}
}


@article{Andrews97,
  title = {Propagation of Sound in a Bose-Einstein Condensate},
  author = {Andrews, M. R. and Kurn, D. M. and Miesner, H.-J. and Durfee, D. S. and Townsend, C. G. and Inouye, S. and Ketterle, W.},
  journal = {Phys. Rev. Lett.},
  volume = {79},
  issue = {4},
  pages = {553--556},
  year = {1997},
  doi = {10.1103/PhysRevLett.79.553},
  publisher = {American Physical Society}
}

@article{Anglin99,
  title = {Vortices in the Wake of Rapid Bose-Einstein Condensation},
  author = {Anglin, J. R. and Zurek, W. H.},
  journal = {Phys. Rev. Lett.},
  volume = {83},
  issue = {9},
  pages = {1707--1710},
  year = {1999},
  doi = {10.1103/PhysRevLett.83.1707},
  publisher = {American Physical Society}
}

@ARTICLE{Anglin02,
   author = "J. R. Anglin and W. Ketterle",
   title = {Bose-Einstein condensation of atomic gases},
   year = "2002",
   journal = {Nature},
   volume = {416},
   pages = {211-218},
   year = {2002},
   doi = {10.1038/416211a},
}

@ARTICLE{Bauerle96,
   author = "B{\"a}uerle, C. and Bunkov, Yu. M. and Fisher, S. N. and Godfrin, H.  and Pickett, G. R",
   title = {Laboratory simulation of cosmic string formation in the early Universe using superfluid $^3$He},
   year = "1996",
   journal = {Nature},
   volume = {382},
   pages = {332-334},
   year = {1996},
   doi = {10.1038/382332a0},
}

@ARTICLE{Baym75,
   author = "Baym, G. and Pethick, C.",
   title = "Neutron stars",
   year = {1975},
   journal = {Ann. Rev. Nucl. Sci.},
   volume = {25},
   pages = {27-77},
   doi = {10.1146/annurev.ns.25.120175.000331},
}


@ARTICLE{Becker08,
   author = "C. Becker and S. Stellmer and P Soltan-Panahi and S. D{\"o}rscher and M. Baumert and E. Richter and J. Kronj{\"a}ger and K. Bongs and K. Sengstock",
   title = {Oscillations and interactions of dark and dark-bright solitons in Bose-Einstein condensates},
   year = "2008",
   journal = {Nature Physics},
   volume = {4},
   pages = {496-501},
   year = {2008},
}

@article{Becker13,
  author={C Becker and K Sengstock and P Schmelcher and P G Kevrekidis and R Carretero-Gonz{\'a}lez},
  title={Inelastic collisions of solitary waves in anisotropic BoseÂ–Einstein condensates: sling-shot events and expanding collision bubbles},
  journal={New J. Phys.},
  volume={15},
  number={11},
  pages={113028},
  year={2013},
  }

@article{Berry12,
  author={M V Berry and M R Dennis},
  title={Reconnections of wave vortex lines},
  journal={Eur. J. Phys.},
  volume={33},
  number={3},
  pages={723},
  year={2012},
}

@ARTICLE{bidel02,
   author = "Y. Bidel and B. Klappauf and J. C. Bernard and D. Delande and G. Labeyrie and C. Miniatura and D. Wilkowski and R. Kaiser",
   title = {Coherent Light Transport in a Cold Strontium Cloud},
   year = "2002",
   journal = PRL,
   volume = "88",
   pages = "203902"
}

@ARTICLE{bloch01,
   author = "I. Bloch and M. Greiner and O. Mandel and T. W. Haensch and T. Esslinger",
   title = {Sympathetic cooling of 85Rb and 87Rb},
   year = "2001",
   journal = PRA,
   volume = "64",
   pages = "021402"
}

@article{Bolda98,
  title = {Detection of Vorticity in Bose-Einstein Condensed Gases by Matter-Wave Interference},
  author = {Bolda, Eric L. and Walls, Dan F.},
  journal = {Phys. Rev. Lett.},
  volume = {81},
  issue = {25},
  pages = {5477--5480},
  numpages = {0},
  year = {1998},
  publisher = {American Physical Society},
  doi = {10.1103/PhysRevLett.81.5477},
}

@article{Brand01,
  title={Generating ring currents, solitons and svortices by stirring a Bose-Einstein condensate in a toroidal trap},
  author={Brand, Joachim and Reinhardt, William P},
  journal={J. Phys. B},
  volume={34},
  number={4},
  pages={L113},
  year={2001},
  publisher={IOP Publishing}
}


@article{Brand02,
  title = {Solitonic vortices and the fundamental modes of the snake instability: Possibility of observation in the gaseous Bose-Einstein condensate},
  author = {Brand, Joachim and Reinhardt, William P.},
  journal = {Phys. Rev. A},
  volume = {65},
  issue = {4},
  pages = {043612},
  numpages = {4},
  year = {2002},
  publisher = {American Physical Society},
  doi = {10.1103/PhysRevA.65.043612},
}

@article{Braun2014,
  title = {Emergence of coherence and the dynamics of quantum phase transitions},
  author = {Braun, S. and Friesdorf, M. and Hodgman, S. S. and Schreiber, M. and Ronzheimer, J. P. and Riera, A. and del Rey, M. and Bloch, I. and Eisert, J. and Schneider, U.},
  journal = {arXiv:1403.7199},
  volume = {},
  issue = {},
  pages = {},
  numpages = {},
  year = {2014},
  publisher = {},
  doi = {},
}

@article{Bulgac14,
  title = {Quantized Superfluid Vortex Rings in the Unitary Fermi Gas},
  author = {Bulgac, Aurel and Forbes, Michael McNeil and Kelley, Michelle M. and Roche, Kenneth J. and Wlaz\l{}owski, Gabriel},
  journal = {Phys. Rev. Lett.},
  volume = {112},
  issue = {2},
  pages = {025301},
  numpages = {5},
  year = {2014},
  publisher = {American Physical Society},
  doi = {10.1103/PhysRevLett.112.025301},
}

@article{Burger98,
  title = {Dark Solitons in Bose-Einstein Condensates},
  author = {Burger, S. and Bongs, K. and Dettmer, S. and Ertmer, W. and Sengstock, K. and Sanpera, A. and Shlyapnikov, G. V. and Lewenstein, M.},
  journal = {Phys. Rev. Lett.},
  volume = {83},
  issue = {25},
  pages = {5198--5201},
  year = {1999},
  doi = {10.1103/PhysRevLett.83.5198},
  publisher = {American Physical Society}
}

@article{Busch00,
  title = {Motion of Dark Solitons in Trapped Bose-Einstein Condensates},
  author = {Busch, Th. and Anglin, J.R.},
  journal = {Phys. Rev. Lett.},
  volume = {84},
  pages = {2298},
  year = {2000},
  doi = {10.1103/PhysRevLett.84.2298},
  publisher = {American Physical Society}
}


@article{Carmi99,
  title = {Search for spontaneous nucleation of magnetic flux during rapid cooling of ...},
  author = {Carmi, Raz and Polturak, Emil},
  journal = {Phys. Rev. B},
  volume = {60},
  issue = {10},
  pages = {7595--7600},
  year = {1999},
  doi = {10.1103/PhysRevB.60.7595},
  publisher = {American Physical Society}
}

@article{Carmi00,
  title = {Observation of Spontaneous Flux Generation in a Multi-Josephson-Junction Loop},
  author = {Carmi, Raz and Polturak, Emil and Koren, Gad},
  journal = {Phys. Rev. Lett.},
  volume = {84},
  issue = {21},
  pages = {4966--4969},
  year = {2000},
  doi = {10.1103/PhysRevLett.84.4966},
  publisher = {American Physical Society}
}

@article{Carr2008,
  title = {Theory of Multidimensional Solitons},
  author = {Carr, L. D. and Brand, Joachim},
  journal = {Chapter 7 in "Emergent Nonlinear Phenomena in Bose-Einstein Condensates: Theory and Experiment," edited by P. G. Kevrekidis, D. J. Frantzeskakis, and R. Carretero-Gonzalez (Springer-Verlag, Berlin, 2009)},
}

@article{Castin96,
  title = {Bose-Einstein Condensates in Time Dependent Traps},
  author = {Castin, Y. and Dum, R.},
  journal = {Phys. Rev. Lett.},
  volume = {77},
  issue = {27},
  pages = {5315--5319},
  numpages = {0},
  year = {1996},
  publisher = {American Physical Society},
  doi = {10.1103/PhysRevLett.77.5315},
}

@article{Catani06,
  title = {Intense slow beams of bosonic potassium isotopes},
  author = {Catani, J. and Maioli, P. and De~Sarlo, L. and Minardi, F. and Inguscio, M.},
  journal = {Phys. Rev. A},
  volume = {73},
  issue = {3},
  pages = {033415},
  numpages = {9},
  year = {2006},
  doi = {10.1103/PhysRevA.73.033415},
  publisher = {American Physical Society}
}

@ARTICLE{chaneliere05,
   author = " T. Chaneliere and J.-L. Meunier and R. Kaiser and C. Miniatura and D. Wilkowski",
   title = {An extra-heating mechanism in Doppler-cooling experiments},
   year = "",
   journal = "arXiv:physics/0412119",
   volume = "",
   pages = ""
}

@article{Chang08,
  title = {Formation of Dispersive Shock Waves by Merging and Splitting Bose-Einstein Condensates},
  author = {Chang, J. J. and Engels, P. and Hoefer, M. A.},
  journal = {Phys. Rev. Lett.},
  volume = {101},
  issue = {17},
  pages = {170404},
  numpages = {4},
  year = {2008},
  doi = {10.1103/PhysRevLett.101.170404},
  publisher = {American Physical Society}
}

@article{Chen11,
  title = {Quantum Quench of an Atomic Mott Insulator},
  author = {Chen, David and White, Matthew and Borries, Cecilia and DeMarco, Brian},
  journal = {Phys. Rev. Lett.},
  volume = {106},
  issue = {23},
  pages = {235304},
  numpages = {4},
  year = {2011},
  doi = {10.1103/PhysRevLett.106.235304},
  publisher = {American Physical Society}
}

@article{Cetoli13,
  title = {Snake instability of dark solitons in fermionic superfluids},
  author = {Cetoli, A. and Brand, J. and Scott, R. G. and Dalfovo, F. and Pitaevskii, L. P.},
  journal = {Phys. Rev. A},
  volume = {88},
  issue = {4},
  pages = {043639},
  numpages = {8},
  year = {2013},
  publisher = {American Physical Society},
  doi = {10.1103/PhysRevA.88.043639},
}

@article{Chevy00,
  title = {Measurement of the Angular Momentum of a Rotating Bose-Einstein Condensate},
  author = {Chevy, F. and Madison, K. W. and Dalibard, J.},
  journal = {Phys. Rev. Lett.},
  volume = {85},
  issue = {11},
  pages = {2223--2227},
  numpages = {0},
  year = {2000},
  publisher = {American Physical Society},
  doi = {10.1103/PhysRevLett.85.2223},
}

@article{Chevy01,
  title = {Interferometric detection of a single vortex in a dilute Bose-Einstein condensate},
  author = {Chevy, F. and Madison, K. W. and Bretin, V. and Dalibard, J.},
  journal = {Phys. Rev. A},
  volume = {64},
  issue = {3},
  pages = {031601},
  numpages = {4},
  year = {2001},
  publisher = {American Physical Society},
  doi = {10.1103/PhysRevA.64.031601},
}


@ARTICLE{Chu02,
   author = " Steven Chu",
   title = {Cold atoms and quantum control},
   year = "2002",
   journal = {Nature},
   volume = {416},
   pages = {206-210},
   year = {2002},
   doi = {10.1038/416206a},
}

@article{Chuang91,
	author = {Chuang, Isaac and Durrer, Ruth and Turok, Neil and Yurke, Bernard}, 
	title = {Cosmology in the Laboratory: Defect Dynamics in Liquid Crystals},
	volume = {251}, 
	number = {4999}, 
	pages = {1336-1342}, 
	year = {1991}, 
	doi = {10.1126/science.251.4999.1336}, 
	journal = {Science} 
}

@article{Coddington03,
  title = {Observation of Tkachenko Oscillations in Rapidly Rotating Bose-Einstein Condensates},
  author = {Coddington, I. and Engels, P. and Schweikhard, V. and Cornell, E. A.},
  journal = {Phys. Rev. Lett.},
  volume = {91},
  issue = {10},
  pages = {100402},
  numpages = {4},
  year = {2003},
  publisher = {American Physical Society},
  doi = {10.1103/PhysRevLett.91.100402},
}

@ARTICLE{courtillot03,
   author = "I. Courtillot and A. Quessada and R. P. Kovacich and A. Brusch and D. Kolker and J.-J. Zondy and G. D. Rovera and P. Lemonde",
   title = {Clock transition for a future optical frequency standard with trapped atoms},
   year = "2003",
   journal = PRA,
   volume = "68",
   pages = "030501(R)"
}

@article{Dalfovo97,
  title = {},
  author = {Dalfovo, F. and Minniti, C. and Stringari, S. and Pitaevskii, L.},
  journal = {Phys. Lett. A},
  volume = {227},
  issue = {},
  pages = {259},
  numpages = {},
  year = {1997},
  doi = {},
  publisher = {}
}

@article{Dalfovo99,
  title = {Theory of Bose-Einstein condensation in trapped gases},
  author = {Dalfovo, Franco and Giorgini, Stefano and Pitaevskii, Lev P. and Stringari, Sandro},
  journal = {Rev. Mod. Phys.},
  volume = {71},
  issue = {3},
  pages = {463--512},
  numpages = {0},
  year = {1999},
  publisher = {American Physical Society},
  doi = {10.1103/RevModPhys.71.463},
}

@article{Dalfovo00,
  title = {Free expansion of Bose-Einstein condensates with quantized vortices},
  author = {Dalfovo, Franco and Modugno, Michele},
  journal = {Phys. Rev. A},
  volume = {61},
  issue = {2},
  pages = {023605},
  numpages = {5},
  year = {2000},
  doi = {10.1103/PhysRevA.61.023605},
  publisher = {American Physical Society}
}

@ARTICLE{Damski10,
  title = {Soliton Creation During a Bose-Einstein Condensation},
  author = {Damski, Bogdan and Zurek, Wojciech H.},
  journal = {Phys. Rev. Lett.},
  volume = {104},
  issue = {16},
  pages = {160404},
  numpages = {4},
  year = {2010},
  doi = {10.1103/PhysRevLett.104.160404},
  publisher = {American Physical Society}
}

@article{deAngelis09,
  author={M de Angelis and A Bertoldi and L Cacciapuoti and A Giorgini and G Lamporesi and M Prevedelli and G Saccorotti and F
Sorrentino and G M Tino},
  title={Precision gravimetry with atomic sensors},
  journal={Measurement Science and Technology},
  volume={20},
  number={2},
  pages={022001},
  year={2009},
}

@article{DeGraffenreid00,
author = {W. DeGraffenreid and J. Ramirez-Serrano and Y.-M. Liu and J. Weiner},
collaboration = {},
title = {Continuous, dense, highly collimated sodium beam},
publisher = {AIP},
year = {2000},
journal = {Review of Scientific Instruments},
volume = {71},
number = {10},
pages = {3668-3676},
keywords = {atomic beams; laser cooling; radiation pressure; Zeeman effect; sodium; particle traps},
doi = {10.1063/1.1289683}
}
  	
@article{delCampo11,
  author={A del Campo and A Retzker and M B Plenio},
  title={The inhomogeneous Kibble-Zurek mechanism: vortex nucleation during Bose-Einstein condensation},
  journal={New J. Phys.},
  volume={13},
  number={8},
  pages={083022},
  year={2011},
  abstract={The KibbleÃ¯Â¿Å“Zurek mechanism is applied to the spontaneous formation of vortices in a harmonically trapped thermal gas following a temperature quench through the critical value for BoseÃ¯Â¿Å“Einstein condensation. Whereas in the homogeneous scenario, vortex nucleation is always expected, we show that it can be completely suppressed in the presence of the confinement potential whenever the speed of the spatial front undergoing condensation is lower than a threshold velocity. Otherwise, the interplay between the geometry and the causality leads to different scaling laws for the density of vortices as a function of the quench rate, as we also illustrate for the case of a toroidal trapping potential.}
}

@ARTICLE{delCampo13,
   author = "A. del Campo and T. W. B. Kibble and W. H. Zurek",
   title = {Causality and non equilibrium second-order phase transitions in inhomogeneous systems},
   year = "2013",
   journal = arXiv,
   volume = "",
   pages = ""
}

@article{Denschlag00,
author = {Denschlag, J. and Simsarian, J. E. and Feder, D. L. and Clark, Charles W. and Collins, L. A. and Cubizolles, J. and Deng, L. and Hagley, E. W. and Helmerson, K. and Reinhardt, W. P. and Rolston, S. L. and Schneider, B. I. and Phillips, W. D.},
title = {Generating Solitons by Phase Engineering of a Bose-Einstein Condensate},
volume = {287},
number = {5450},
pages = {97-101},
year = {2000},
doi = {10.1126/science.287.5450.97},
abstract ={Quantum phase engineering is demonstrated with two techniques that allow the spatial phase distribution of a Bose-Einstein condensate (BEC) to be written and read out. A quantum state was designed and produced by optically imprinting a phase pattern onto a BEC of sodium atoms, and matter-wave interferometry with spatially resolved imaging was used to analyze the resultant phase distribution. An appropriate phase imprint created solitons, the first experimental realization of this nonlinear phenomenon in a BEC. The subsequent evolution of these excitations was investigated both experimentally and theoretically.},
journal = {Science}
}

@ARTICLE{dereviankot03,
   author = "A. Derevianko and S. G. Porsev and Sv. Kotochigova and E. Tiesinga and P. S. Julienne",
   title = {Ultracold Collision Properties of Metastable Alkaline-Earth Atoms},
   year = "2003",
   journal = PRL,
   volume = "90",
   pages = "063002"
}

@article{Dieckmann98,
  title = {Two-dimensional magneto-optical trap as a source of slow atoms},
  author = {Dieckmann, K. and Spreeuw, R. J. C. and Weidem\"uller, M. and Walraven, J. T. M.},
  journal = {Phys. Rev. A},
  volume = {58},
  issue = {5},
  pages = {3891--3895},
  year = {1998},
  doi = {10.1103/PhysRevA.58.3891},
  publisher = {American Physical Society}
}

@article{Dobrek99,
  title = {Optical generation of vortices in trapped Bose-Einstein condensates},
  author = {Dobrek, \L{}. and Gajda, M. and Lewenstein, M. and Sengstock, K. and Birkl, G. and Ertmer, W.},
  journal = {Phys. Rev. A},
  volume = {60},
  issue = {5},
  pages = {R3381--R3384},
  numpages = {0},
  year = {1999},
  publisher = {American Physical Society},
}

@article{Dodd98,
  title = {Nonappearance of Vortices in Fast Mechanical Expansions of Liquid ${}^{4}\mathrm{He}$ through the Lambda Transition},
  author = {Dodd, M. E. and Hendry, P. C. and Lawson, N. S. and McClintock, P. V. E. and Williams, C. D. H.},
  journal = {Phys. Rev. Lett.},
  volume = {81},
  issue = {17},
  pages = {3703--3706},
  year = {1998},
  doi = {10.1103/PhysRevLett.81.3703},
  publisher = {American Physical Society}
}

@article{Donadello14,
  title = {Observation of Solitonic Vortices in Bose-Einstein Condensates},
  author = {Donadello, Simone and Serafini, Simone and Tylutki, Marek and Pitaevskii, Lev P. and Dalfovo, Franco and Lamporesi, Giacomo and Ferrari, Gabriele},
  journal = {Phys. Rev. Lett.},
  volume = {113},
  issue = {6},
  pages = {065302},
  numpages = {5},
  year = {2014},
  publisher = {American Physical Society},
  doi = {10.1103/PhysRevLett.113.065302},
}

@book{Donnelly91,
  title={Quantized Vortices in Helium II},
  author={Donnelly, Russell J.},
  volume={},
  year={1991},
   pages = {346},
  publisher={Cambridge University Press}
}

@article{Donner07,
author = {Donner, T. and Ritter, S. and Bourdel, T. and Ã¯Â¿Å“ttl, A. and KÃ¯Â¿Å“hl, M. and Esslinger, T.},
title = {Critical Behavior of a Trapped Interacting Bose Gas},
volume = {315},
number = {5818},
pages = {1556-1558},
year = {2007},
doi = {10.1126/science.1138807},
journal = {Science}
}

@ARTICLE{drullinger80,
   author = "R. E. Drullinger and D. J. Wineland and J. C. Bergquist",
   title = {Sympathetic cooling of 85Rb and 87Rb},
   year = "1980",
   journal = "Appl. Phys.",
   volume = "22",
   pages = "365"
}

@article{Dutton01,
author = {Dutton, Z. and Budde, M. and Slowe, C. and Hau, L.V.},
title = {},
volume = {293},
pages = {663},
year = {2001},
journal = {Science}
}

@ARTICLE{Ejtemaee2013,
   author = "S. Ejtemaee and P. C. Haljan",
   title = {Spontaneous nucleation and dynamics of kink defects in zigzag arrays of trapped ions},
   year = "",
   journal = "arXiv:1303.6723",
}

@article{Engels02,
  title = {Nonequilibrium Effects of Anisotropic Compression Applied to Vortex Lattices in Bose-Einstein Condensates},
  author = {Engels, P. and Coddington, I. and Haljan, P. C. and Cornell, E. A.},
  journal = {Phys. Rev. Lett.},
  volume = {89},
  pages = {100403},
  year = {2002},
  publisher = {American Physical Society},
  doi = {10.1103/PhysRevLett.89.100403},
}

@article{Engels03,
  title = {Observation of Long-Lived Vortex Aggregates in Rapidly Rotating Bose-Einstein Condensates},
  author = {Engels, P. and Coddington, I. and Haljan, P. C. and Schweikhard, V. and Cornell, E. A.},
  journal = {Phys. Rev. Lett.},
  volume = {90},
  issue = {17},
  pages = {170405},
  numpages = {4},
  year = {2003},
  publisher = {American Physical Society},
  doi = {10.1103/PhysRevLett.90.170405},
}


@article{Feder00,
  title = {Dark-soliton states of Bose-Einstein condensates in anisotropic traps},
  author = {Feder, D. L. and Pindzola, M. S. and Collins, L. A. and Schneider, B. I. and Clark, C. W.},
  journal = {Phys. Rev. A},
  volume = {62},
  issue = {5},
  pages = {053606},
  numpages = {11},
  year = {2000},
  publisher = {American Physical Society},
  doi = {10.1103/PhysRevA.62.053606},
}

@article{Fedichev99,
  title = {Dissipative dynamics of a vortex state in a trapped Bose-condensed gas},
  author = {Fedichev, P.O. and Shlyapnikov, G.V.},
  journal = {Phys. Rev. A},
  volume = {60},
  pages = {R1779},
  year = {1999},
  publisher = {American Physical Society},
  doi = {10.1103/PhysRevA.60.R1779},
}

@ARTICLE{ferrari03,
   author = "G. Ferrari and P. Cancio and R. Drullinger and G. Giusfredi and N. Poli and M. Prevedelli and C. Toninelli and G. M. Tino",
   title = {Precision Frequency Measurement of Visible Intercombination Lines of Strontium},
   year = "2003",
   journal = PRL,
   volume = "91",
   pages = "243002"
}

@ARTICLE{ferrari04,
   author = "G. Ferrari and T. Brzozowski and R. Drullinger and N. Poli and M. Prevedelli and C. Toninelli and G. M. Tino",
   title = {Laser Sources for Precision Spectroscopy on Atomic Strontium},
   year = "2004",
   journal = "Proc. SPIE Int. Soc. Opt. Eng.",
   volume = "5478",
   pages = "210"
}

@article{Fetter01,
  author={Fetter, A. L. and Kim, J.-k. },
  title={Vortex precession in a rotating nonaxisymmetric trapped Bose-Einstein condensate},
  journal={J. Low Temp. Phys. },
  volume={125},
  number={5/6},
  pages={239},
  year={2001},
}

@article{Fetter09,
  title = {Rotating trapped Bose-Einstein condensates},
  author = {Fetter, A.L.},
  journal = {Rev. Mod. Phys.},
  volume = {81},
  issue = {},
  pages = {647},
  numpages = {45},
  year = {2009},
  doi = {10.1103/RevModPhys.81,647},
  publisher = {The America Physical Society}
}

@incollection{Feynman55,
	editor = "C.J. Gorter",
	booktitle = "Progress in Low Temperature Physics",
	publisher = "Elsevier",
	year = "1955",
	volume = "1",
	pages = "17",
	issn = "0079-6417",
	doi = "10.1016/S0079-6417(08)60077-3",
	author = "Feynman, R. P."
}

@article{Fonda14,
	author = {Fonda, Enrico and Meichle, David P. and Ouellette, Nicholas T. and Hormoz, Sahand and Lathrop, Daniel P.}, 
	title = {Direct observation of Kelvin waves excited by quantized vortex reconnection},
	volume = {111}, 
	number = {Supplement 1}, 
	pages = {4707-4710}, 
	year = {2014}, 
	doi = {10.1073/pnas.1312536110}, 
	journal = {Proc. Nat. Acad. Sci.} 
}

@article{Freilich10,
  title = {Real-Time Dynamics of Single Vortex Lines and Vortex Dipoles in a Bose-Einstein Condensate},
  author = {Freilich, D. V. and Bianchi, D. M. and Kaufman, A. M. and Langin, T. K. and Hall,  D. S.},
  journal = {Science},
  volume = {329},
  pages = {1182},
  year = {2010}
}

@article{Gabbay98,
  title = {Reconnection of vortex filaments in the complex Ginzburg-Landau equation},
  author = {Gabbay, M. and Ott, E. and Guzdar, P.N.},
  journal = {Phys. Rev. E},
  volume = {58},
  pages = { 2576},
  year = {1998},
  publisher = {American Physical Society},
  doi = {10.1103/PhysRevE.58.2576},
}

@article{Garcia01a,
  title = {Vortex nucleation and hysteresis phenomena in rotating Bose-Einstein condensates},
  author = {Garc\'{\i}a-Ripoll, J.J. and P\'erez-Garc\'{\i}a, V.M.},
  journal = {Phys. Rev. A},
  volume = {63},
  pages = {041603(R)},
  year = {2001},
  publisher = {American Physical Society},
  doi = {10.1103/PhysRevA.63.041603},
}

@article{Garcia01b,
  title = {Vortex bending and tightly packed vortex lattices in Bose-Einstein condensates},
  author = {Garc\'{\i}a-Ripoll, J.J. and P\'erez-Garc\'{\i}a, V.M.},
  journal = {Phys. Rev. A},
  volume = {64},
  pages = {053611},
  year = {2001},
  publisher = {American Physical Society},
  doi = {10.1103/PhysRevA.64.053611},
}

@article{Gerdes11,
year={2011},
journal={The European Physical Journal D},
volume={65},
issue={1-2},
doi={10.1140/epjd/e2011-20048-9},
title={Stark effect measurements on the NaK molecule},
publisher={Springer-Verlag},
author={Gerdes, A. and Dulieu, O. and KnÃ¯Â¿Å“ckel, H. and Tiemann, E.},
pages={105-111},
language={English}
}

@article{Haljan01,
  title = {Use of Surface-Wave Spectroscopy to Characterize Tilt Modes of a Vortex in a Bose-Einstein Condensate},
  author = {Haljan, P. C. and Anderson, B. P. and Coddington, I. and Cornell, E. A.},
  journal = {Phys. Rev. Lett.},
  volume = {86},
  issue = {14},
  pages = {2922--2925},
  numpages = {0},
  year = {2001},
  publisher = {American Physical Society},
  doi = {10.1103/PhysRevLett.86.2922},
}

@article{Haljan01b,
  title = {Driving Bose-Einstein-Condensate Vorticity with a Rotating Normal Cloud},
  author = {Haljan, P. C. and Coddington, I. and Engels, P. and Cornell, E. A.},
  journal = {Phys. Rev. Lett.},
  volume = {87},
  pages = {210403},
  year = {2001},
  publisher = {American Physical Society},
  doi = {10.1103/PhysRevLett.87.210403},
}

@article{Hamner11,
  title = {Generation of Dark-Bright Soliton Trains in Superfluid-Superfluid Counterflow},
  author = {Hamner, C. and Chang, J. J. and Engels, P. and Hoefer, M. A.},
  journal = {Phys. Rev. Lett.},
  volume = {106},
  issue = {6},
  pages = {065302},
  numpages = {4},
  year = {2011},
  doi = {10.1103/PhysRevLett.106.065302},
  publisher = {American Physical Society}
}

@article{Hansch75,
  title={Cooling of gases by laser radiation},
  author={H{\"a}nsch, T.W. and Schawlow, A.L.},
  journal={Optics Communications},
  volume={13},
  number={1},
  pages={68--69},
  year={1975},
  publisher={Elsevier}
}

@ARTICLE{Hansch80,
   author = {{Hansch}, T.~W. and {Couillaud}, B.},
    title = "{Laser frequency stabilization by polarization spectroscopy of a reflecting reference cavity}",
  journal = {Optics Communications},
     year = 1980,
   volume = 35,
    pages = {441-444},
      doi = {10.1016/0030-4018(80)90069-3},
  adsnote = {Provided by the SAO/NASA Astrophysics Data System}
}

@ARTICLE{heinzen93,
   author = "J. D. Miller and R. A. Cline and D. J. Heinzen",
   title = {Far-off-resonance optical trapping of atoms},
   year = "1993",
   journal = PRA,
   volume = "47",
   pages = "4567 (R)"
}

@ARTICLE{Hendry94,
   author = "P. C. Hendry and N. S. Lawson and R. A. M. Lee and P. V. E. McClintock and C. D. H. Williams",
   title = {Generation of defects in superfluid $^4$He as an analogue of the formation of cosmic strings},
   year = "1994",
   journal = {Nature},
   volume = {368},
   pages = {315-317},
   year = {1994}
}

@article{Henn09,
  title = {Emergence of Turbulence in an Oscillating Bose-Einstein Condensate},
  author = {Henn, E. A. L.  and Seman, J. A. and Roati, G. and Magalh{\~a}es, K. M. F. and  Bagnato, V. S.},
  journal = {Phys. Rev. Lett.},
  volume = {103},
  pages = {045301},
  year = {2009},
  doi = {10.1103/PhysRevLett.103.045301},
  publisher = {American Physical Society}
}

@ARTICLE{Hofferberth06,
   author = "S. Hofferberth and I. Lesanovsky and B. Fischer and J. Verdu and J. Schmiedmayer",
   title = {Radiofrequency-dressed-state potentials for neutral atoms},
   year = "2006",
   journal = {Nature},
   volume = {2},
   pages = {710-716},
   year = {2006}
}


@article{Hu10,
  author={H Hu and E Taylor and X-J Liu and S Stringari and A Griffin},
  title={Second sound and the density response function in uniform superfluid atomic gases},
  journal={New J. Phys.},
  volume={12},
  number={4},
  pages={043040},
  year={2010}
}

@ARTICLE{ido00,
   author = "T. Ido and Y. Isoya and H. Katori",
   title = {Optical-dipole trapping of Sr atoms at a high phase-space density},
   year = "2000",
   journal = PRA,
   volume = "61",
   pages = "061403(R)"
}

@ARTICLE{ido03,
   author = "Tetsuya Ido and Hidetoshi Katori",
   title = {Recoil-Free Spectroscopy of Neutral Sr Atoms in the Lamb-Dicke Regime},
   year = "2003",
   journal = PRL,
   volume = "91",
   pages = "053001"
}

@ARTICLE{ido04,
   author = "T. Ido and T. H. Loftus and M. M. Boyd and A. D. Ludlow and K. W. Holman and J. Ye",
   title = {Precision spectroscopy and density-dependent frequency shifts in ultracold Sr},
   year = "",
   journal = "arXiv:physics/0410110",
   volume = "",
   pages = ""
}

@article{Inouye01,
  title = {Observation of Vortex Phase Singularities in Bose-Einstein Condensates},
  author = {Inouye, S. and Gupta, S. and Rosenband, T. and Chikkatur, A. P. and G\"orlitz, A. and Gustavson, T. L. and Leanhardt, A. E. and Pritchard, D. E. and Ketterle, W.},
  journal = {Phys. Rev. Lett.},
  volume = {87},
  issue = {8},
  pages = {080402},
  numpages = {4},
  year = {2001},
  publisher = {American Physical Society},
  doi = {10.1103/PhysRevLett.87.080402},
}

@article{Jackson99,
  title = {Vortex line and ring dynamics in trapped Bose-Einstein condensates},
  author = {Jackson, B. and McCann, J.F. and Adams, C.S.},
  journal = {Phys. Rev. A},
  volume = {61},
  pages = {013604},
  year = {1999},
  publisher = {American Physical Society},
  doi = {10.1103/PhysRevA.61.013604},
}

@article{Kagan96,
  title = {Evolution of a Bose-condensed gas under variations of the confining potential},
  author = {Kagan, Yu. and Surkov, E. L. and Shlyapnikov, G. V.},
  journal = {Phys. Rev. A},
  volume = {54},
  issue = {3},
  pages = {R1753--R1756},
  numpages = {0},
  year = {1996},
  publisher = {American Physical Society},
  doi = {10.1103/PhysRevA.54.R1753},
}

@article{Kamchatnov08,
  title = {Stabilization of Solitons Generated by a Supersonic Flow of Bose-Einstein Condensate Past an Obstacle},
  author = {Kamchatnov, A. M. and Pitaevskii, L. P.},
  journal = {Phys. Rev. Lett.},
  volume = {100},
  issue = {16},
  pages = {160402},
  numpages = {4},
  year = {2008},
  publisher = {American Physical Society},
  doi = {10.1103/PhysRevLett.100.160402},
}

@ARTICLE{Kim04,
   author = {Kim, Jong-kwan and Fetter, A.L.},
   title = {Dynamics of a single ring of vortices in two-dimensional trapped Bose-Einstein condensates},
  journal = {Phys. Rev. A},
  volume = {70},
  pages = {043624},
  year = {2004},
  publisher = {American Physical Society},
  doi = {10.1103/PhysRevA.70.043624},
}

@ARTICLE{katori99,
   author = "H. Katori and T. Ido and Y. Isoya and M. Kuwata-Gonokami",
   title = {Magneto-Optical Trapping and Cooling of Strontium Atoms down to the Photon Recoil Temperature},
   year = "1999",
   journal = PRL,
   volume = "82",
   pages = "1116"
}

@ARTICLE{katori03,
   author = "H. Katori and M. Takamoto and V. G. Pal'chikov and V. D. Ovsiannikov",
   title = {Ultrastable Optical Clock with Neutral Atoms in an Engineered Light Shift Trap },
   year = "2003",
   journal = PRL,
   volume = "91",
   pages = "173005"
}

@article{Katori11,
  title={Optical lattice clocks and quantum metrology},
  author={Katori, H.},
  journal={Nature Photonics},
  volume={5},
  number={4},
  pages={203--210},
  year={2011},
  publisher={Nature Publishing Group}
}

@article{Kavoussanaki00,
  title = {Testing the Kibble-Zurek Scenario with Annular Josephson Tunnel Junctions},
  author = {Kavoussanaki, E. and Monaco, R. and Rivers, R. J.},
  journal = {Phys. Rev. Lett.},
  volume = {85},
  issue = {16},
  pages = {3452--3455},
  year = {2000},
  doi = {10.1103/PhysRevLett.85.3452},
  publisher = {American Physical Society}
}

@article{Ketterle93,
  title={High densities of cold atoms in a dark spontaneous-force optical trap},
  author={Ketterle, W. and Davis, K.B. and Joffe, M.A. and Martin, A. and Pritchard, D.E.},
  journal={Physical review letters},
  volume={70},
  number={15},
  pages={2253--2256},
  year={1993},
  publisher={APS}
}

@article{Ketterle96,
  title={Evaporative cooling of atoms},
  author={Ketterle, W. and van Druten, N.J.},
  journal={Advances in Atomic, Molecular, and Optical Physics, edited by B. Bederson and H. Walther},
  volume={37},
  pages={181--236},
  year={1996},
  publisher={Academic Press Inc.}
}

@article{Kibble76,
  author={T W B Kibble},
  title={Topology of cosmic domains and strings},
  journal={J. Phys. A},
  volume={9},
  number={8},
  pages={1387},
  year={1976},
}

@article{Kibble80,
title = "Some implications of a cosmological phase transition ",
journal = "Phys. Rep. ",
volume = "67",
number = "1",
pages = "183 - 199",
year = "1980",
note = "",
issn = "0370-1573",
doi = "10.1016/0370-1573(80)90091-5",
author = "T.W.B. Kibble"
}

@article{Komineas03,
  title = {Solitons, solitonic vortices, and vortex rings in a confined Bose-Einstein condensate},
  author = {Komineas, S. and Papanicolaou, N.},
  journal = {Phys. Rev. A},
  volume = {68},
  issue = {4},
  pages = {043617},
  numpages = {8},
  year = {2003},
  publisher = {American Physical Society},
  doi = {10.1103/PhysRevA.68.043617},
}

@article{Konotop04,
  title = {Landau dynamics of a grey soliton in a trapped condensate},
  author = {Konotop, V. V. and Pitaevskii, L. },
  journal = {Phys. Rev. lett.},
  volume = {93},
  pages = {240403},
  year = {2004},
  publisher = {American Physical Society},
  doi = {10.1103/PhysRevLett.93.240403},
}

@article{Koplik93,
  title = {Vortex reconnection in superfluid helium},
  author = {Koplik, Joel and Levine, Herbert},
  journal = {Phys. Rev. Lett.},
  volume = {71},
  issue = {9},
  pages = {1375--1378},
  numpages = {0},
  year = {1993},
  publisher = {American Physical Society},
  doi = {10.1103/PhysRevLett.71.1375},
}


@article{Kozuma99,
  title = {Coherent Splitting of Bose-Einstein Condensed Atoms with Optically Induced Bragg Diffraction},
  author = {Kozuma, M. and Deng, L. and Hagley, E. W. and Wen, J. and Lutwak, R. and Helmerson, K. and Rolston, S. L. and Phillips, W. D.},
  journal = {Phys. Rev. Lett.},
  volume = {82},
  issue = {5},
  pages = {871--875},
  numpages = {0},
  year = {1999},
  publisher = {American Physical Society},
  doi = {10.1103/PhysRevLett.82.871},
}

@article{Ku14,
  title = {Motion of a Solitonic Vortex in the BEC-BCS Crossover},
  author = {Ku, Mark J. H. and Ji, Wenjie and Mukherjee, Biswaroop and Guardado-Sanchez, Elmer and Cheuk, Lawrence W. and Yefsah, Tarik and Zwierlein, Martin W.},
  journal = {Phys. Rev. Lett.},
  volume = {113},
  issue = {6},
  pages = {065301},
  numpages = {5},
  year = {2014},
  publisher = {American Physical Society},
}

@article{Kuopanportti11,
  title = {Size and dynamics of vortex dipoles in dilute Bose-Einstein condensates},
  author = {Kuopanportti, Pekko and Huhtam\"aki, Jukka A. M. and M\"ott\"onen, Mikko},
  journal = {Phys. Rev. A},
  volume = {83},
  issue = {1},
  pages = {011603},
  numpages = {4},
  year = {2011},
  publisher = {American Physical Society},
  doi = {10.1103/PhysRevA.83.011603},
}

@article{Kwon14,
  title = {Relaxation of superfluid turbulence in highly oblate
Bose-Einstein condensates},
  author = {Kwon, Woo Jin and Moon, Geol and Choi, Jae-yoon and Seo, Sang
Won and Shin, Yong-il},
  journal = {Phys. Rev. A},
  volume = {90},
  issue = {6},
  pages = {063627},
  numpages = {6},
  year = {2014},
  publisher = {American Physical Society},
  doi = {10.1103/PhysRevA.90.063627},
}

@article{Lalescu15,
  title = {Inertial-Range Reconnection in Magnetohydrodynamic Turbulence and in the Solar Wind},
  author = {Lalescu, Cristian C. and Shi, Yi-Kang and Eyink, Gregory L. and Drivas, Theodore D. and Vishniac, Ethan T. and Lazarian, Alexander},
  journal = {Phys. Rev. Lett.},
  volume = {115},
  issue = {2},
  pages = {025001},
  numpages = {5},
  year = {2015},
  publisher = {American Physical Society},
  doi = {10.1103/PhysRevLett.115.025001},
}


@article{Lamporesi13,
  title={Compact high-flux source of cold sodium atoms},
  author={Lamporesi, G and Donadello, S and Serafini, S and Ferrari, G},
  journal={Rev. Sci. Instrum.},
  volume={84},
  number={6},
  pages={063102},
  year={2013},
  publisher={AIP Publishing}
}

@article{LamporesiKZM13,
  title={Spontaneous creation of Kibble-Zurek solitons in a Bose-Einstein condensate},
  author={Lamporesi, Giacomo and Donadello, Simone and Serafini, Simone and Dalfovo, Franco and Ferrari, Gabriele},
  journal={Nat. Phys.},
  volume={9},
  number={10},
  pages={656--660},
  year={2013},
  publisher={Nature Publishing Group}
}


@article{Landini11,
  title = {Sub-{D}oppler laser cooling of potassium atoms},
  author = {Landini, M. and Roy, S. and Carcagn\`\i, L. and Trypogeorgos, D. and Fattori, M. and Inguscio, M. and Modugno, G.},
  journal = {Phys. Rev. A},
  volume = {84},
  issue = {4},
  pages = {043432},
  numpages = {6},
  year = {2011},
  doi = {10.1103/PhysRevA.84.043432},
  publisher = {American Physical Society}
}

@article{Leadbeater01,
  title = {Sound Emission due to Superfluid Vortex Reconnections},
  author = {Leadbeater, M. and Winiecki, T. and  Samuels, D.C. and Barenghi, C.F. and Adams, C.S.},
  journal = {Phys. Rev. Lett.},
  volume = {86},
  pages = {1410},
  year = {2001},
  publisher = {American Physical Society},
}

@article{Leanhardt02,
  title = {Imprinting Vortices in a Bose-Einstein Condensate using Topological Phases},
  author = {Leanhardt, A. E. and G\"orlitz, A. and Chikkatur, A. P. and Kielpinski, D. and Shin, Y. and Pritchard, D. E. and Ketterle, W.},
  journal = {Phys. Rev. Lett.},
  volume = {89},
  issue = {19},
  pages = {190403},
  numpages = {4},
  year = {2002},
  publisher = {American Physical Society},
}

@article{Lett88,
  title = {Observation of Atoms Laser Cooled below the Doppler Limit},
  author = {Lett, Paul D. and Watts, Richard N. and Westbrook, Christoph I. and Phillips, William D. and Gould, Phillip L. and Metcalf, Harold J.},
  journal = {Phys. Rev. Lett.},
  volume = {61},
  issue = {2},
  pages = {169--172},
  year = {1988},
  doi = {10.1103/PhysRevLett.61.169},
  publisher = {American Physical Society}
}

@ARTICLE{loftus02,
   author = "T. Loftus and J. R. Bochinski and T. W. Mossberg",
   title = {Magnetic trapping of ytterbium and the alkaline-earth metals},
   year = "2002",
   journal = PRA,
   volume = "66",
   pages = "013411"
}

@ARTICLE{loftus04,
   author = "T. H. Loftus and T. Ido and A. D. Ludlow and M. M. Boyd and J. Ye",
   title = {Narrow Line Cooling: Finite Photon Recoil Dynamics},
   year = "2004",
   journal = PRL,
   volume = "93",
   pages = "073003"
}

@article{Lundh00,
  title = {Hydrodynamic approach to vortex lifetimes in trapped Bose condensates},
  author = {Lundh, E. and Ao, P.},
  journal = {Phys. Rev. A},
  volume = {61},
  pages = {063612},
  year = {2000},
  doi = {10.1103/PhysRevA.61.063612},
  publisher = {American Physical Society}
}


@article{Madison00,
  title = {Vortex Formation in a Stirred Bose-Einstein Condensate},
  author = {Madison, K. W. and Chevy, F. and Wohlleben, W. and Dalibard, J.},
  journal = {Phys. Rev. Lett.},
  volume = {84},
  issue = {5},
  pages = {806--809},
  numpages = {0},
  year = {2000},
  publisher = {American Physical Society},
  doi = {10.1103/PhysRevLett.84.806},
}

@article{Massignan03,
  title = {One-dimensional model for the dynamics and expansion of elongated Bose-Einstein condensates},
  author = {Massignan, Pietro and Modugno, Michele},
  journal = {Phys. Rev. A},
  volume = {67},
  issue = {2},
  pages = {023614},
  numpages = {7},
  year = {2003},
  publisher = {American Physical Society},
  doi = {10.1103/PhysRevA.67.023614},
}

@ARTICLE{Mateo14,
   author = "A.M. Mateo and J. Brand",
   title = {Chladni solitons and the onset of the snaking instability for dark solitons in confined superfluids},
   year = "",
   journal = "arXiv:1408.0947v1",
   volume = "",
   pages = ""
}

@article{Matthews99,
  title = {Vortices in a Bose-Einstein Condensate},
  author = {Matthews, M. R. and Anderson, B. P. and Haljan, P. C. and Hall, D. S. and Wieman, C. E. and Cornell, E. A.},
  journal = {Phys. Rev. Lett.},
  volume = {83},
  issue = {13},
  pages = {2498--2501},
  numpages = {0},
  year = {1999},
  publisher = {American Physical Society},
  doi = {10.1103/PhysRevLett.83.2498},
}


@article{Meichle12,
  title = {Quantized vortex reconnection: Fixed points and initial conditions},
  author = {Meichle, David P. and Rorai, Cecilia and Fisher, Michael E. and Lathrop, D. P.},
  journal = {Phys. Rev. B},
  volume = {86},
  issue = {1},
  pages = {014509},
  numpages = {4},
  year = {2012},
  publisher = {American Physical Society},
  doi = {10.1103/PhysRevB.86.014509},
}


@ARTICLE{mewes99,
   author = "M.-O. Mewes and G. Ferrari and F. Schreck and A. Sinatra and Christophe Salomon",
   title = {Simultaneous magneto-optical trapping of two lithium isotopes},
   year = "1999",
   journal = PRA,
   volume = "61",
   pages = "011403(R)"
}

@article{Middelkamp11,
  title = {Guiding-center dynamics of vortex dipoles in Bose-Einstein condensates},
  author = {Middelkamp,S and Torres, P.J. and Kevrekidis, P. G. and Frantzeskakis, D. J. and  Carretero-Gonz{\'a}lez, R. and Schmelcher, P.  and Freilich, D. V. and Hall, D. S.},
  journal = {Phys. Rev. A},
  volume = {84},
  pages = {011605(R)},
  year = {2011},
  publisher = {American Physical Society},
  doi = {10.1103/PhysRevA.84.011605},
}

@article{Mimoun10,
  title = {Fast production of ultracold sodium gases using light-induced desorption and optical trapping},
  author = {Mimoun, Emmanuel and De~Sarlo, Luigi and Jacob, David and Dalibard, Jean and Gerbier, Fabrice},
  journal = {Phys. Rev. A},
  volume = {81},
  issue = {2},
  pages = {023631},
  numpages = {8},
  year = {2010},
  doi = {10.1103/PhysRevA.81.023631},
  publisher = {American Physical Society}
}

@article{Modugno03,
	author = {Modugno, M. and Pricoupenko, L. and Castin, Y.},
	title = {Bose-Einstein condensates with a bent vortex in rotating traps},
	DOI= "10.1140/epjd/e2003-00015-y",
	journal = {Eur. Phys. J. D},
	year = 2003,
	volume = 22,
	number = 2,
	pages = "235-257",
}

@article{Monaco02,
  title = {Zurek-Kibble Domain Structures: The Dynamics of Spontaneous Vortex Formation in Annular Josephson Tunnel Junctions},
  author = {Monaco, R. and Mygind, J. and Rivers, R. J.},
  journal = {Phys. Rev. Lett.},
  volume = {89},
  issue = {8},
  pages = {080603},
  numpages = {4},
  year = {2002},
  doi = {10.1103/PhysRevLett.89.080603},
  publisher = {American Physical Society}
}

@article{Monaco03,
  title = {Spontaneous fluxon formation in annular Josephson tunnel junctions},
  author = {Monaco, R. and Mygind, J. and Rivers, R. J.},
  journal = {Phys. Rev. B},
  volume = {67},
  issue = {10},
  pages = {104506},
  numpages = {10},
  year = {2003},
  doi = {10.1103/PhysRevB.67.104506},
  publisher = {American Physical Society}
}

@article{Monaco06,
  title = {Zurek-Kibble Mechanism for the Spontaneous Vortex Formation in $\mathrm{Nb}\mathrm{\text{-}}\mathrm{Al}/{\mathrm{Al}}_{\mathrm{ox}}/\mathrm{Nb}$ Josephson Tunnel Junctions: New Theory and Experiment},
  author = {Monaco, R. and Mygind, J. and Aaroe, M. and Rivers, R. J. and Koshelets, V. P.},
  journal = {Phys. Rev. Lett.},
  volume = {96},
  issue = {18},
  pages = {180604},
  numpages = {4},
  year = {2006},
  doi = {10.1103/PhysRevLett.96.180604},
  publisher = {American Physical Society}
}

@article{Monaco09,
  title = {Spontaneous fluxoid formation in superconducting loops},
  author = {Monaco, R. and Mygind, J. and Rivers, R. J. and Koshelets, V. P.},
  journal = {Phys. Rev. B},
  volume = {80},
  issue = {18},
  pages = {180501},
  numpages = {4},
  year = {2009},
  doi = {10.1103/PhysRevB.80.180501},
  publisher = {American Physical Society}
}

@ARTICLE{mukaiyama03,
   author = "T. Mukaiyama and H. Katori and T. Ido and Y. Li and M. Kuwata-Gonokami",
   title = {Recoil-Limited Laser Cooling of $^{87}$Sr Atoms near the Fermi Temperature},
   year = "2003",
   journal = PRL,
   volume = "90",
   pages = "113002"
}

@ARTICLE{nagel03,
   author = "S. B. Nagel and C. E. Simien and S. Laha and P. Gupta and V. S. Ashoka and T. C. Killian ",
   title = {Magnetic trapping of metastable $^3$P$_2$ atomic strontium},
   year = "2003",
   journal = PRA,
   volume = "67",
   pages = "011401(R)"
}

@article{Navarro13,
  title = {Dynamics of a Few Corotating Vortices in Bose-Einstein Condensates},
  author = {Navarro, R. and Carretero-Gonz\'alez, R. and Torres, P. J. and Kevrekidis, P. G. and Frantzeskakis, D. J. and Ray, M. W. and Altunta\ifmmode \mbox{\c{s}}\else \c{s}\fi{}, E. and Hall, D. S.},
  journal = {Phys. Rev. Lett.},
  volume = {110},
  issue = {22},
  pages = {225301},
  numpages = {6},
  year = {2013},
  publisher = {American Physical Society},
  doi = {10.1103/PhysRevLett.110.225301},
}

@article{Nazarenko03,
  title = {Analytic solution for nnlinear Schr\"odinger vortex reconnection},
  author = {Nazarenko, S. and West, R.},
  journal = {J. Low Temp. Phys.},
  volume = {132},
  issue = {1/2},
  pages = {1},
  year = {2003},
}


@article{Neely10,
  title = {Observation of Vortex Dipoles in an Oblate Bose-Einstein Condensate},
  author = {Neely, T. W. and Samson, E. C. and Bradley, A. S. and Davis, M. J. and Anderson, B. P.},
  journal = {Phys. Rev. Lett.},
  volume = {104},
  issue = {16},
  pages = {160401},
  numpages = {4},
  year = {2010},
  publisher = {American Physical Society},
  doi = {10.1103/PhysRevLett.104.160401}
}

@article{Nevsky08,
year={2008},
journal={Applied Physics B},
volume={92},
issue={4},
doi={10.1007/s00340-008-3113-4},
title={A narrow-line-width external cavity quantum dot laser for high-resolution spectroscopy in the near-infrared and yellow spectral ranges},
publisher={Springer-Verlag},
keywords={06.30.Ft; 42.55.Px; 42.62.Fi},
author={Nevsky, A.Yu. and Bressel, U. and Ernsting, I. and Eisele, Ch. and Okhapkin, M. and Schiller, S. and Gubenko, A. and Livshits, D. and Mikhrin, S. and Krestnikov, I. and Kovsh, A.},
pages={501-507},
language={English}
}

@article{Ni08,
author = {Ni, K.-K. and Ospelkaus, S. and de Miranda, M. H. G. and Pe'er, A. and Neyenhuis, B. and Zirbel, J. J. and Kotochigova, S. and Julienne, P. S. and Jin, D. S. and Ye, J.},
title = {A High Phase-Space-Density Gas of Polar Molecules},
volume = {322},
number = {5899},
pages = {231-235},
year = {2008},
doi = {10.1126/science.1163861},
journal = {Science}
}

@article{Paoletti10,
	author = "M.S. Paoletti and Michael E. Fisher and D.P. Lathrop",
	title = "Reconnection dynamics for quantized vortices ",
	journal = "Physica D",
	volume = "239",
	number = "14",
	pages = "1367 - 1377",
	year = "2010",
	issn = "0167-2789",
	doi = "http://dx.doi.org/10.1016/j.physd.2009.03.006",
}

@article{Paoletti11,
	author = {Paoletti, Matthew S. and Lathrop, Daniel P.},
	title = {Quantum Turbulence},
	journal = {Ann. Rev. Cond. Matter Phys.},
	volume = {2},
	number = {1},
	pages = {213-234},
	year = {2011},
	doi = {10.1146/annurev-conmatphys-062910-140533},
}

@phdthesis{ParkerPhDthesis,
year={2004},
school={University of Durham},
title={Numerical Studies of Vortices and Dark Solitons in Atomic Bose-Einstein Condensates},
author={Parker, N.},
}

@article{Perrin09,
year={2009},
issn={1951-6355},
journal={The European Physical Journal Special Topics},
volume={172},
issue={1},
doi={10.1140/epjst/e2009-01040-8},
title={Ultra cold atoms and Bose-Einstein condensation for quantum metrology},
publisher={Springer-Verlag},
author={Perrin, H.},
pages={37-55},
language={English}
}

@article{Phillips82,
  title = {Laser Deceleration of an Atomic Beam},
  author = {Phillips, William D. and Metcalf, Harold},
  journal = {Phys. Rev. Lett.},
  volume = {48},
  issue = {9},
  pages = {596--599},
  year = {1982},
  doi = {10.1103/PhysRevLett.48.596},
  publisher = {American Physical Society}
}

@ARTICLE{Pitaevskii13,
   author = "L.P. Pitaevskii",
   title = {Hydrodynamic theory of motion of quantized vortex rings in trapped superfluid gases},
   year = "2013",
   journal = "arXiv:1311.4693v1",
   volume = "",
   pages = ""
}

@article{Pritchard83,
  title = {Cooling Neutral Atoms in a Magnetic Trap for Precision Spectroscopy},
  author = {Pritchard, David E.},
  journal = {Phys. Rev. Lett.},
  volume = {51},
  issue = {15},
  pages = {1336--1339},
  year = {1983},
  doi = {10.1103/PhysRevLett.51.1336},
  publisher = {American Physical Society}
}

@ARTICLE{raab87,
   author = "E. L. Raab and M. Prentiss and A. Cable and S. Chu and D. E. Pritchard",
   title = {Trapping of Neutral Sodium Atoms with Radiation Pressure},
   year = "1987",
   journal = PRL,
   volume = "59",
   pages = "2631"
}

@article{Reichl13,
  title = {Vortex ring dynamics in trapped Bose-Einstein condensates},
  author = {Reichl, Matthew D. and Mueller, Erich J.},
  journal = {Phys. Rev. A},
  volume = {88},
  issue = {5},
  pages = {053626},
  numpages = {6},
  year = {2013},
  publisher = {American Physical Society},
  doi = {10.1103/PhysRevA.88.053626},
}

@article{Riis90,
  title = {Atom funnel for the production of a slow, high-density atomic beam},
  author = {Riis, Erling and Weiss, David S. and Moler, Kathryn A. and Chu, Steven},
  journal = {Phys. Rev. Lett.},
  volume = {64},
  issue = {14},
  pages = {1658--1661},
  year = {1990},
  doi = {10.1103/PhysRevLett.64.1658},
  publisher = {American Physical Society}
}

@article{Rosenbusch02,
  title = {Dynamics of a Single Vortex Line in a Bose-Einstein Condensate},
  author = {Rosenbusch, P. and Bretin, V. and Dalibard, J.},
  journal = {Phys. Rev. Lett.},
  volume = {89},
  issue = {20},
  pages = {200403},
  numpages = {4},
  year = {2002},
  publisher = {American Physical Society},
  doi = {10.1103/PhysRevLett.89.200403},
}


@ARTICLE{Ruutu96,
   author = "V. M. H. Ruutu and V. B. Eltsov and A. J. Gill and T. W. B. Kibble and M. Krusius and Yu. G. Makhlin and B. PlaÃ¯Â¿Å“ais and G. E. Volovik and Wen Xu",
   title = {Vortex formation in neutron irradiated $^3$He as an analogue of cosmological defect formation},
   year = "1996",
   journal = {Nature},
   volume = {382},
   pages = {334-336},
   year = {1996},
   doi = {doi:10.1038/382334a0},
}

@article{Sabbatini2011,
  title = {Phase Separation and Pattern Formation in a Binary Bose-Einstein Condensate},
  author = {Sabbatini, Jacopo and Zurek, Wojciech H. and Davis, Matthew J.},
  journal = {Phys. Rev. Lett.},
  volume = {107},
  issue = {23},
  pages = {230402},
  numpages = {5},
  year = {2011},
  doi = {10.1103/PhysRevLett.107.230402},
  publisher = {American Physical Society}
}


@ARTICLE{santos95,
   author = "M. S. Santos and P. Nussenzveig and L. G. Marcassa and K. Helmerson and J. Flemming and S. C. Zilio and V. S. Bagnato",
   title = {Continuous loading of a magnetic trap},
   year = "1995",
   journal = PRA,
   volume = "52",
   pages = "R4340"
}

@ARTICLE{Saito13,
   author = "H. Saito and Y. Kawaguchi and M. Ueda",
   title = {Kibble-Zurek mechanism in a trapped ferromagnetic Bose-Einstein condensate},
   year = "2013",
   journal = arXiv,
   volume = "",
   pages = ""
}

@ARTICLE{santra04,
   author = "R. Santra and K. V. Christ and C. H. Greene",
   title = {Properties of metastable alkaline-earth-metal atoms calculated using an accurate effective core potential},
   year = "2004",
   journal = PRA,
   volume = "69",
   pages = "042510"
}

@ARTICLE{Seman10,
   author = {Seman, J.A. and Henn, E.A.L. and Haque, M. and Shiozaki, R.F. and Ramos, E.R.F. and Caracanhas, M. and Castilho, P. and Castelo Branco, C. and Tavares, P.E.S. and Poveda-Cuevas, F.J. and Roati, G. and Magalh{\~a}es, K.M.F. and Bagnato, V.S.},
   title = {Three-vortex configurations in trapped Bose-Einstein condensates},
   year = {2010},
   journal = {Phys. Rev. A},
   volume = {82},
   pages = {033616}
}

@ARTICLE{Scherpelz14,
   author = "P. Scherpelz and K. Padavi{\'c} and A. Ran\c{c}on and A. Glatz and I.S. Aranson and K. Levin",
   title = {Phase Imprinting in Equilibrating Fermi Gases: The Transience of Vortex Rings and Other Defects},
   year = "",
   journal = "arXiv:1401.8267",
   volume = "",
   pages = ""
}

@article{Schwarz88,
  title = {Three-dimensional vortex dynamics in superfluid $^{4}\mathrm{He}$: Homogeneous superfluid turbulence},
  author = {Schwarz, K. W.},
  journal = {Phys. Rev. B},
  volume = {38},
  issue = {4},
  pages = {2398--2417},
  numpages = {0},
  year = {1988},
  publisher = {American Physical Society},
  doi = {10.1103/PhysRevB.38.2398},
  }
  
@article{Sheehy04,
  title = {Vortices in spatially inhomogeneous superfluids},
  author = {Sheehy, D.E. and Radzihovsky, L.},
  journal = {Phys. Rev. A},
  volume = {70},
  pages = {063620},
  year = {2004},
  doi = {10.1103/PhysRevA.70.063620},
  publisher = {American Physical Society}
}

@ARTICLE{shimizu90,
   author = "F. Shimizu and K. Shimizu and H. Takuma",
   title = {},
   year = "1990",
   journal = "Chem. Phys.",
   volume = "145",
   pages = "327"
}

@ARTICLE{Shomroni09,
   author = "I. Shomroni and E. Lahoud and S. Levy and J. Steinhauer",
   title = {Evidence for an oscillating soliton/vortex ring by density engineering of a Bose-Einstein condensate},
   year = "2009",
   journal = {Nature Physics},
   volume = {5},
   pages = {193-197},
   year = {2009},
   doi = {10.1038/nphys1177},
}

@article{Sire11,
  title = {Effective merging dynamics of two and three fluid vortices: Application to two-dimensional decaying turbulence},
  author = {Sire, Cl\'ement and Chavanis, Pierre-Henri and Sopik, Julien},
  journal = {Phys. Rev. E},
  volume = {84},
  issue = {5},
  pages = {056317},
  numpages = {7},
  year = {2011},
  publisher = {American Physical Society},
  doi = {10.1103/PhysRevE.84.056317},
}

@article{Stringari98,
  title = {Quantized Vortices and Collective Oscillations of a Trapped Bose-Einstein Condensate},
  author = {Zambelli, Francesca and Stringari, Sandro},
  journal = {Phys. Rev. Lett.},
  volume = {81},
  issue = {9},
  pages = {1754--1757},
  numpages = {0},
  year = {1998},
  publisher = {American Physical Society},
  doi = {10.1103/PhysRevLett.81.1754},
}

@ARTICLE{stuhler01,
   author = "J. Stuhler and P. O. Schmidt and S. Hensler and J. Werner and J. Mlynek and T. Pfau",
   title = {Continuous loading of a magnetic trap},
   year = "2001",
   journal = PRA,
   volume = "64",
   pages = "031405(R)"
}

@ARTICLE{Su13,
   author = "S.-W. Su and S.-C. Gou and A. Bradley and O. Fialko and J. Brand",
   title = {Kibble-Zurek scaling and its breakdown for spontaneous generation of Josephson vortices in Bose-Einstein condensates},
   year = "2013",
   journal = arXiv,
   volume = "",
   pages = ""
}

@ARTICLE{suptitz94,
   author = "W. Suptitz and G. Wokurka and F. Strauch and P. Kohns and W. Ertmer",
   title = {Simultaneous cooling and trapping of 85Rb and 87Rb in a magneto-optical trap},
   year = "1994",
   journal = "Opt. Lett.",
   volume = "19",
   pages = "1571"
}

@ARTICLE{Svidzinsky00,
   author = "A.A. Svidzinsky and A.L. Fetter",
   title = {Stability of a Vortex in a Trapped Bose-Einstein Condensate},
   year = "2000",
   journal = "Phys. Rev. Lett.",
   volume = "84",
   pages = "5919"
}

@ARTICLE{Svidzinsky00b,
   author = "A.A. Svidzinsky and A.L. Fetter",
   title = {Dynamics of a vortex in a trapped Bose-Einstein condensate},
   year = "2000",
   journal = "Phys. Rev. A",
   volume = "62",
   pages = "063617"
}


Svidzinsky, A. A., and A. L. Fetter, 2000b, Phys. Rev. A 62, 063617.


@ARTICLE{takamoto03,
   author = "M. Takamoto and H. Katori",
   title = {Spectroscopy of the S[sub 0] - P[sub 0] Clock Transition of Sr in an Optical Lattice},
   year = "2003",
   journal = PRL,
   volume = "91",
   pages = "223001"
}

@ARTICLE{takasu03,
   author = "Y. Takasu and K. Maki and K. Komori and T. Takano and K. Honda and M. Kumakura and T. Yabuzaki and Y. Takahashi",
   title = {Spin-Singlet Bose-Einstein Condensation of Two-Electron Atoms},
   year = "2003",
   journal = PRL,
   volume = "91",
   pages = "040404"
}

@article{Tiecke09,
  title={High-flux two-dimensional magneto-optical-trap source for cold lithium atoms},
  author={Tiecke, T. G. and Gensemer, S. D. and Ludewig, A. and Walraven, J. T. M.},
  journal={Physical Review A},
  volume={80},
  number={1},
  pages={013409},
  year={2009},
  publisher={APS}
}

@book{Tinkham96,
  title= "Introduction to superconductivity",
  author= "M. Tinkham",
  year= "1996",
  pages = "480",
  publisher= "Dover Publications"
}


@article{Torres11,
	title = "Dynamics of vortex dipoles in confined Bose-Einstein condensates",
	journal = "Physics Letters A ",
	volume = "375",
	number = "33",
	pages = "3044 - 3050",
	year = "2011",
	note = "",
	issn = "0375-9601",
	doi = "http://dx.doi.org/10.1016/j.physleta.2011.06.061",
	author = "P.J. Torres and P.G. Kevrekidis and D.J. Frantzeskakis and R. Carretero-GonzÃ¡lez and P. Schmelcher and D.S. Hall"
}

@article{Tozzo04,
  title = {Phonon evaporation in freely expanding Bose-Einstein condensates},
  author = {Tozzo, C. and Dalfovo, F.},
  journal = {Phys. Rev. A},
  volume = {69},
  issue = {5},
  pages = {053606},
  numpages = {12},
  year = {2004},
  publisher = {American Physical Society},
}

@article{Tylutki15,
	author = {M. Tylutki and S. Donadello and S. Serafini and L. P. Pitaevskii and F. Dalfovo and G. Lamporesi and G. Ferrari},
	title = {Solitonic vortices in Bose-Einstein condensates},
	DOI= "10.1140/epjst/e2015-02389-7",
	journal = {Eur. Phys. J. Special Topics},
	year = 2015,
	volume = 224,
	number = 3,
	pages = "577-583"
}

@ARTICLE{Ulm13,
   author = "S. Ulm and J. RoÃ¯Â¿Å“nagel and G. Jacob and C. Deg{\"u}nther and S. T. Dawkins and U. G. Poschinger and R. Nigmatullin and A. Retzker and M. B. Plenio and F. Schmidt-Kaler and K. Singer",
   title = {Observation of the Kibble-Zurek scaling law for defect formation in ion crystals},
   year = "",
   journal = {arXiv:1302.5343v1},
   volume = "",
   pages = ""
}

@article{vanderStam07,
author = {K. M. R. van der Stam and E. D. van Ooijen and R. Meppelink and J. M. Vogels and P. van der Straten},
collaboration = {},
title = {Large atom number Bose-Einstein condensate of sodium},
publisher = {AIP},
year = {2007},
journal = {Review of Scientific Instruments},
volume = {78},
number = {1},
eid = {013102},
numpages = {10},
pages = {013102},
keywords = {Bose-Einstein condensation; sodium; Zeeman effect; radiation pressure; laser cooling},
doi = {10.1063/1.2424439}
}

@article{Verbiest11,
  title = {High speed collision and reconnection of Abelian Higgs strings in the deep type-II regime},
  author = {Verbiest, G. J. and Ach\'ucarro, A.},
  journal = {Phys. Rev. D},
  volume = {84},
  issue = {10},
  pages = {105036},
  numpages = {12},
  year = {2011},
  publisher = {American Physical Society},
  doi = {10.1103/PhysRevD.84.105036},
}

@ARTICLE{Vinen05,
   author = {Vinen, W.F.},
   title = {How is turbulent energy dissipated in a superfluid?},
   year = {2005},
   journal = {J. Phys.: Condens. Matter},
   volume = {17},
   pages = {S3231}
}

@ARTICLE{vogel99,
   author = "T. P. Dinneen and K. R. Vogel and E. Arimondo and J. L. Hall and A. Gallagher",
   title = {Cold collisions of Sr$^*$-Sr in a magneto-optical trap},
   year = "1999",
   journal = PRA,
   volume = "59",
   pages = "1216"
}

@ARTICLE{Weiler08,
   author = "C. N. Weiler and T. W. Neely and D. R. Scherer and A. S. Bradley and M. J. Davis and B. P. Anderson",
   title = {Spontaneous vortices in the formation of Bose-Einstein condensates},
   year = "2008",
   journal = {Nature},
   volume = {455},
   pages = {948-952},
   year = {2008},
   doi = {10.1038/nature07334},
}

@article{Wells15,
year={2015},
issn={0022-2291},
journal={Journal of Low Temperature Physics},
volume={180},
number={1-2},
doi={10.1007/s10909-015-1285-y},
title={Vortex Reconnections in Anisotropic Trapped Three-Dimensional Boseâ€“Einstein Condensates},
publisher={Springer US},
keywords={Ultracold bosons; Many-body; MCTDHB; http://ultracold.org; Quantum fluids; Quantized vortices},
author={Wells, T. and Lode, A.U.J. and Bagnato, V.S. and Tsatsos, M.C.},
pages={133-143},
language={English}
}

@article{Witkowska11,
  title = {Solitons as the Early Stage of Quasicondensate Formation during Evaporative Cooling},
  author = {Witkowska, E. and Deuar, P. and Gajda, M. and Rza{\.z}ewski, K.},
  journal = {Phys. Rev. Lett.},
  volume = {106},
  issue = {13},
  pages = {135301},
  numpages = {4},
  year = {2011},
  doi = {10.1103/PhysRevLett.106.135301},
  publisher = {American Physical Society}
}

@article{Wlazlowski15,
  title = {Life cycle of superfluid vortices and quantum turbulence in the unitary Fermi gas},
  author = {Wlaz\l{}owski, Gabriel and Bulgac, Aurel and Forbes, Michael McNeil and Roche, Kenneth J.},
  journal = {Phys. Rev. A},
  volume = {91},
  issue = {3},
  pages = {031602},
  numpages = {5},
  year = {2015},
  publisher = {American Physical Society},
  doi = {10.1103/PhysRevA.91.031602},
}

@article{Wu12,
  title = {Ultracold Fermionic Feshbach Molecules of $^{23}\mathrm{Na}^{40}\mathbf{K}$},
  author = {Wu, Cheng-Hsun and Park, Jee Woo and Ahmadi, Peyman and Will, Sebastian and Zwierlein, Martin W.},
  journal = {Phys. Rev. Lett.},
  volume = {109},
  issue = {8},
  pages = {085301},
  numpages = {5},
  year = {2012},
  doi = {10.1103/PhysRevLett.109.085301},
  publisher = {American Physical Society}
}

@ARTICLE{xu02,
   author = "X. Xu and T. H. Loftus and M. J. Smith and J. L. Hall and A. Gallagher and J. Ye",
   title = {Dynamics in a two-level atom magneto-optical trap},
   year = "2002",
   journal = PRA,
   volume = "66",
   pages = "011401(R)"
}

@ARTICLE{xu03,
   author = "X. Xu and T. H. Loftus and J. W. Dunn and C. H. Greene and J. L. Hall and A. Gallagher and J. Ye",
   title = {Single-Stage Sub-Doppler Cooling of Alkaline Earth Atoms},
   year = "2003",
   journal = PRL,
   volume = "90",
   pages = "193002"
}

@ARTICLE{xu03bis,
   author = "X. Xu and T. H. Loftus and J. L. Hall and A. Gallagher and J. Ye",
   title = {Cooling and trapping of atomic strontium},
   year = "2002",
   journal = "J. Opt. Soc. Am. B",
   volume = "20",
   pages = "968"
}

@ARTICLE{yasuda04,
   author = "M. Yasuda and T. Kishimoto and M. Takamoto and H. Katori",
   title = {Wave-Function Reconstruction for the Determination of the Scattering Length of Sr},
   year = "",
   journal = "arXiv:physics/0501053",
   volume = "",
   pages = ""
}

@ARTICLE{Yefsah13,
   author = "T. Yefsah and A. T. Sommer and M. J. H. Ku and L. W. Cheuk and W. Ji and W. S. Bakr and M. W. Zwierlein",
   title = {Heavy solitons in a fermionic superfluid},
   year = "2013",
   journal = "Nature",
   volume = "499",
   pages = "426"
}

@article{Yukalov15,
year={2015},
issn={0022-2291},
journal={Journal of Low Temperature Physics},
volume={180},
number={1-2},
doi={10.1007/s10909-015-1288-8},
title={Strongly Nonequilibrium Bose-Condensed Atomic Systems},
url={http://dx.doi.org/10.1007/s10909-015-1288-8},
publisher={Springer US},
keywords={Trapped atoms; Boseâ€“Einstein condensate; Nonequilibrium states; Vortex turbulence; Grain turbulence; Wave turbulence},
author={Yukalov, V.I. and Novikov, A.N. and Bagnato, V.S.},
pages={53-67},
language={English}
}

@article{Yu94,
title = "Funnel with orientated Cs atoms",
journal = "Optics Communications",
volume = "112",
number = "3Ã¯Â¿Å“4",
pages = "136 - 140",
year = "1994",
note = "",
issn = "0030-4018",
doi = "10.1016/0030-4018(94)00439-0",
author = "J. Yu and J. Djemaa and P. Nosbaum and P. Pillet"
}

@article{Zobay01,
  title = {Two-Dimensional Atom Trapping in Field-Induced Adiabatic Potentials},
  author = {Zobay, O. and Garraway, B. M.},
  journal = {Phys. Rev. Lett.},
  volume = {86},
  issue = {7},
  pages = {1195--1198},
  year = {2001},
  publisher = {American Physical Society},
  doi = {10.1103/PhysRevLett.86.1195}
}

@article{Zuccher12,
  title = {Quantum vortex reconnections},
  author = {Zuccher, S. and Caliari, M. and Baggaley, A.W. and Barenghi, C.F.},
  journal = {Phys. of Fluids},
  volume = {24},
  issue = {},
  pages = {125108},
  numpages = {21},
  year = {2012},
  doi = {10.1063/1.4772198},
  publisher = {American Institute of Physics}
}


@article{Zuchowski10,
  title = {Reactions of ultracold alkali-metal dimers},
  author = {Zuchowski, Piotr S. and Hutson, Jeremy M.},
  journal = {Phys. Rev. A},
  volume = {81},
  issue = {6},
  pages = {060703},
  numpages = {4},
  year = {2010},
  doi = {10.1103/PhysRevA.81.060703},
  publisher = {American Physical Society}
}

@ARTICLE{Zurek85,
   author = "Zurek, Wojciech H.",
   title = {Cosmological experiments in superfluid liquid helium?},
   year = "1985",
   journal = {Nature},
   volume = {317},
   pages = {505-508},
}

@article{Zurek96,
title = "Cosmological experiments in condensed matter systems ",
journal = "Physics Reports ",
volume = "276",
number = "4",
pages = "177 - 221",
year = "1996",
note = "",
issn = "0370-1573",
doi = "10.1016/S0370-1573(96)00009-9",
author = "W.H. Zurek",
}

@article{Zurek05,
  title = {Dynamics of a Quantum Phase Transition},
  author = {Zurek, Wojciech H. and Dorner, Uwe and Zoller, Peter},
  journal = {Phys. Rev. Lett.},
  volume = {95},
  issue = {10},
  pages = {105701},
  numpages = {4},
  year = {2005},
  doi = {10.1103/PhysRevLett.95.105701},
  publisher = {American Physical Society}
}

@article{Zurek09,
  title = {Causality in Condensates: Gray Solitons as Relics of BEC Formation},
  author = {Zurek, Wojciech H.},
  journal = {Phys. Rev. Lett.},
  volume = {102},
  issue = {10},
  pages = {105702},
  numpages = {4},
  year = {2009},
  doi = {10.1103/PhysRevLett.102.105702},
  publisher = {American Physical Society}
}




@book{Alcock84,
  title={Vapor Pressure Equations for the Metallic Elements: 298-2500 K},
  author={C. B. Alcock and V. P. Itkin and M. K. Horrigan},
  volume={23},
  year={1984},
   pages = {309},
  publisher={Canadian Metallurgical Quarterly}
}

@book{Pitaevskii03,
  title={Bose-Einstein Condensation},
  author={L. Pitaevskii and S. Stringari},
  year={2003},
  publisher={Oxford University Press}
}


  	
@article{Fernandes12,
  author={D. Rio Fernandes and F. Sievers and N. Kretzschmar and S. Wu and C. Salomon and F. Chevy},
  title={Sub-Doppler laser cooling of fermionic 40 {K} atoms in three-dimensional gray optical molasses},
  journal={EPL (Europhysics Letters)},
  volume={100},
  number={6},
  pages={63001},
  year={2012},
  abstract={We demonstrate sub-Doppler cooling of 40 K on the D 1 atomic transition. Using a gray-molasses scheme, we efficiently cool a compressed cloud of 6.5 Ã— 10 8 atoms from âˆ¼4 mK to20 Î¼ K in 8 ms. After transfer to a quadrupole magnetic trap, we measure a phase space density of âˆ¼10 âˆ’5 . This technique offers a promising route for fast evaporation of fermionic 40 K.}
}
	

@article{Salomon13,
  author={G. Salomon and L. Fouch\'e and P. Wang and A. Aspect and P. Bouyer and T. Bourdel},
  title={Gray-molasses cooling of 39 {K} to a high phase-space density},
  journal={EPL (Europhysics Letters)},
  volume={104},
  number={6},
  pages={63002},
  year={2013},
  abstract={We present new techniques in cooling 39 K atoms using laser light close to the D1 transition. First, a new compressed-MOT configuration is taking advantage of gray-molassesâ€“type cooling induced by blue-detuned D1 light. It yields an optimized density of atoms. Then, we use pure D1 gray molasses to further cool the atoms to an ultra-low temperature of ##IMG## [http://ej.iop.org/images/0295-5075/104/6/63002/epl15989ieqn1.gif] {$6\ \mu\text{K}$} . The resulting phase-space density is ##IMG## [http://ej.iop.org/images/0295-5075/104/6/63002/epl15989ieqn2.gif] {$2\times 10^{-4}$} and will ease future experiments with ultracold potassium. As an example, we use it to directly load up to ##IMG## [http://ej.iop.org/images/0295-5075/104/6/63002/epl15989ieqn3.gif] {$3\times 10^7$} atoms in a far detuned optical trap, a result that opens the way to the all-optical production of potassium degenerate gases.}
}

@article{Boiron95,
  title = {Three-dimensional cooling of cesium atoms in four-beam gray optical molasses},
  author = {Boiron, D. and Trich\'e, C. and Meacher, D. R. and Verkerk, P. and Grynberg, G.},
  journal = {Phys. Rev. A},
  volume = {52},
  issue = {5},
  pages = {R3425--R3428},
  numpages = {0},
  year = {1995},
  publisher = {American Physical Society},
  doi = {10.1103/PhysRevA.52.R3425},
}

@article{Boiron96,
  title = {Laser cooling of cesium atoms in gray optical molasses down to 1.1 \ensuremath{\mu}{K}},
  author = {Boiron, D. and Michaud, A. and Lemonde, P. and Castin, Y. and Salomon, C. and Weyers, S. and Szymaniec, K. and Cognet, L. and Clairon, A.},
  journal = {Phys. Rev. A},
  volume = {53},
  issue = {6},
  pages = {R3734--R3737},
  numpages = {0},
  year = {1996},
  publisher = {American Physical Society},
  doi = {10.1103/PhysRevA.53.R3734},
}

@article{Grier13,
  title = {$\ensuremath{\Lambda}$-enhanced sub-{D}oppler cooling of lithium atoms in ${D}_{1}$ gray molasses},
  author = {Grier, Andrew T. and Ferrier-Barbut, Igor and Rem, Benno S. and Delehaye, Marion and Khaykovich, Lev and Chevy, Fr\'ed\'eric and Salomon, Christophe},
  journal = {Phys. Rev. A},
  volume = {87},
  issue = {6},
  pages = {063411},
  numpages = {8},
  year = {2013},
  publisher = {American Physical Society},
  doi = {10.1103/PhysRevA.87.063411},
}

@article{Nath13,
  title = {Quantum-interference-enhanced deep sub-{D}oppler cooling of ${}^{39}${K} atoms in gray molasses},
  author = {Nath, Dipankar and Easwaran, R Kollengode and Rajalakshmi, G. and Unnikrishnan, C. S.},
  journal = {Phys. Rev. A},
  volume = {88},
  issue = {5},
  pages = {053407},
  numpages = {7},
  year = {2013},
  publisher = {American Physical Society},
  doi = {10.1103/PhysRevA.88.053407},
}


  	
@article{Weidemuller94,
  author={M. Weidem\"{u}ller and T. Esslinger and M. A. Ol'shanii and A. Hemmerich and T. W. H\"{a}nsch},
  title={A Novel Scheme for Efficient Cooling below the Photon Recoil Limit},
  journal={EPL (Europhysics Letters)},
  volume={27},
  number={2},
  pages={109},
  year={1994},
  abstract={We have theoretically studied a one-dimensional light field configuration which combines velocity-selective coherent-population trapping with the action of a novel kind of sub-Doppler force providing efficient cooling below the recoil limit. The force is based on velocity-induced non-adiabatic passage of atomic population from the non-coupling state to the light-shifted coupling state. We show for 87 Rb that within 0.88 ms 35% of an initial distribution of 12 ##IMG## [http://ej.iop.org/icons/Entities/hbar.gif] {hbar} k width can be cooled into a 0.5 ##IMG## [http://ej.iop.org/icons/Entities/hbar.gif] {hbar} k momentum interval, and that more than 90% of the initial distribution are still confined to 12 ##IMG## [http://ej.iop.org/icons/Entities/hbar.gif] {hbar} k width.}
}
	


@article{Dalibard89, 
author = {J. Dalibard and C. Cohen-Tannoudji}, 
journal = {J. Opt. Soc. Am. B}, 
keywords = {},
number = {11}, 
pages = {2023--2045}, 
publisher = {OSA},
title = {Laser cooling below the {D}oppler limit by polarization gradients: simple theoretical models}, 
volume = {6}, 
year = {1989},
doi = {10.1364/JOSAB.6.002023},
abstract = {We present two cooling mechanisms that lead to temperatures well below the Doppler limit. These mechanisms are based on laser polarization gradients and work at low laser power when the optical-pumping time between different ground-state sublevels becomes long. There is then a large time lag between the internal atomic response and the atomic motion, which leads to a large cooling force. In the simple case of one-dimensional molasses, we identify two types of polarization gradient that occur when the two counterpropagating waves have either orthogonal linear polarizations or orthogonal circular polarizations. In the first case, the light shifts of the ground-state Zeeman sublevels are spatially modulated, and optical pumping among them leads to dipole forces and to a Sisyphus effect analogous to the one that occurs in stimulated molasses. In the second case ($\sigma$$+${\textminus}$\sigma${\textminus} configuration), the cooling mechanism is radically different. Even at very low velocity, atomic motion produces a population difference among ground-state sublevels, which gives rise to unbalanced radiation pressures. From semiclassical optical Bloch equations, we derive for the two cases quantitative expressions for friction coefficients and velocity capture ranges. The friction coefficients are shown in both cases to be independent of the laser power, which produces an equilibrium temperature proportional to the laser power. The lowest achievable temperatures then approach the one-photon recoil energy. We briefly outline a full quantum treatment of such a limit.},
}

@article{Aspect88,
  title = {Laser Cooling below the One-Photon Recoil Energy by Velocity-Selective Coherent Population Trapping},
  author = {Aspect, A. and Arimondo, E. and Kaiser, R. and Vansteenkiste, N. and Cohen-Tannoudji, C.},
  journal = {Phys. Rev. Lett.},
  volume = {61},
  issue = {7},
  pages = {826--829},
  numpages = {0},
  year = {1988},
  publisher = {American Physical Society},
  doi = {10.1103/PhysRevLett.61.826},
}

@article{Ungar89, 
author = {P. J. Ungar and D. S. Weiss and E. Riis and Steven Chu}, 
journal = {J. Opt. Soc. Am. B}, 
keywords = {},
number = {11}, 
pages = {2058--2071}, 
publisher = {OSA},
title = {Optical molasses and multilevel atoms: theory}, 
volume = {6}, 
year = {1989},
doi = {10.1364/JOSAB.6.002058},
abstract = {A theoretical analysis is given for laser cooling of a two-level atom with magnetic sublevels in the presence of polarization gradients. The optical Bloch equations for the multilevel system are solved numerically for four combinations of polarizations in one-dimensional optical molasses. The light-pressure force on the atom as given by a simple two-level theory is recovered in the absence of polarization gradients, whereas a spatial variation of the polarization is found to lead to a strong cooling force for slow atoms. The increased cooling force is responsible for the recent observations of atoms cooled in optical molasses to temperatures an order of magnitude below the Doppler limit.},
}



@article{Alzetta76,
  title = {An Experimental Method for the Observation of {R}.{F}. Transitions and Laser Beat Resonances in Oriented {N}a Vapour.},
  author = {G. Alzetta, A. Gozzini, L. Moi and G. Orriols},
  journal = {Il Nuovo Cimento},
  volume = {36B},
  issue = {1},
  pages = {5-20},
  numpages = {0},
  year = {1976},
}

@article{Arimondo76,
  title = {Nonabsorblng Atomic Coherences by Coherent Two-Photon Transitions in
a Three-Level Optical Pumping.},
  author = {E. Arimondo and G. Orriols},
  journal = {Lett. ll Nuovo Cimento},
  volume = {17},
  issue = {10},
  pages = {333-338},
  numpages = {0},
  year = {1976},
}

@article{Ricci95,
title = "A compact grating-stabilized diode laser system for atomic physics ",
journal = "Optics Communications ",
volume = "117",
number = "5â€“6",
pages = "541 - 549",
year = "1995",
note = "",
issn = "0030-4018",
doi = "http://dx.doi.org/10.1016/0030-4018(95)00146-Y",
author = {L. Ricci and M. Weidem\"{u}ller and T. Esslinger and A. Hemmerich and C. Zimmermann and V. Vuletic and W. K\"{o}nig and T.W. H\"{a}nsch}
}

@article{Burchianti14,
  title = {Efficient all-optical production of large $^{6}\mathrm{Li}$ quantum gases using ${D}_{1}$ gray-molasses cooling},
  author = {Burchianti, A. and Valtolina, G. and Seman, J. A. and Pace, E. and De Pas, M. and Inguscio, M. and Zaccanti, M. and Roati, G.},
  journal = {Phys. Rev. A},
  volume = {90},
  issue = {4},
  pages = {043408},
  numpages = {5},
  year = {2014},
  publisher = {American Physical Society},
  doi = {10.1103/PhysRevA.90.043408},
}

@article{Shariar93,
  title = {Continuous polarization-gradient precooling-assisted velocity-selective coherent population trapping},
  author = {Shahriar, M. S. and Hemmer, P. R. and Prentiss, M. G. and Marte, P. and Mervis, J. and Katz, D. P. and Bigelow, N. P. and Cai, T.},
  journal = {Phys. Rev. A},
  volume = {48},
  issue = {6},
  pages = {R4035--R4038},
  numpages = {0},
  year = {1993},
  publisher = {American Physical Society},
  doi = {10.1103/PhysRevA.48.R4035},
}

@article{Serafini15,
  title = {Dynamics and Interaction of Vortex Lines in an Elongated {B}ose-{E}instein {C}ondensate},
  author = {Serafini, S. and Barbiero, M. and Debortoli, M. and Donadello, S. and Larcher, F. and Dalfovo, F. and Lamporesi, G. and Ferrari, G.},
  journal = {Phys. Rev. Lett.},
  volume = {115},
  issue = {17},
  pages = {170402},
  numpages = {5},
  year = {2015},
  publisher = {American Physical Society},
  doi = {10.1103/PhysRevLett.115.170402},
}


@article{Valentin92,
  author={C. Valentin and M.-C. Gagn\'{e} and J. Yu and P. Pillet},
  title={One-Dimension Sub-{D}oppler Molasses in the Presence of Static Magnetic Field},
  journal={EPL (Europhysics Letters)},
  volume={17},
  number={2},
  pages={133},
  year={1992},
  abstract={Sub-Doppler cooling has been achieved for the two closed hyperfine transitions: F = 4 â†’ F ' = 5 and F = 3 â†’ F ' = 2, of the cesium D 2 line. One-dimension optical molasses is experimentally investigated and compared for both j â†’ j + 1 and j â†’ j - 1 transitions, on different laser polarization configurations, in the presence, and absence of a static magnetic field. One remarkable point is that cooling is obtained with blue laser detuning for the j â†’ j - 1 transition. An applied static magnetic field can also shift the sub-Doppler-cooled molasses peaks to nonzero velocities without any extra heating, for the polarization gradient configurations.}
}
	
@article{ TrichÃ©99,
	author = {{C. Trich\'{e}} and {P. Verkerk} and {G. Grynberg}},
	title = {Blue-Sisyphus cooling in cesium gray molasses 
and antidot lattices},
	DOI= "10.1007/s100530050249",
	journal = {Eur. Phys. J. D},
	year = 1999,
	volume = 5,
	number = 2,
	pages = "225-228",
}

@article{Esslinger96, 
author = {T. Esslinger and H. Ritsch and M. Weidem\"{u}ller and F. Sander and A. Hemmerich and T. W. H\"{a}nsch}, 
journal = {Opt. Lett.}, 
keywords = {},
number = {13}, 
pages = {991--993}, 
publisher = {OSA},
title = {Purely optical dark lattice}, 
volume = {21}, 
year = {1996},
doi = {10.1364/OL.21.000991},
abstract = {We study a new type of optical lattice in which the localized atoms experience a much reduced optical pumping and fluorescence rate. An optical standing wave is tuned to the blue of the F $=$ 2 {\textrightarrow} F $=$ 2 transition of the 87Rb D2 line and induces periodic optical potentials by coupling the F $=$ 2 ground state to both the F $=$ 2 and F $=$ 3 excited states. A Sisyphus mechanism efficiently cools the atoms into the lattice sites. We adiabatically release the atoms from the optical lattice and measure their momentum distribution with a resolution of one third of a single photon recoil. This allows us to determine the population of the two lowest energy bands in the optical lattice (44\% and 20\%).},
}

@ARTICLE{Letokhov77,
   author = {{Letokhov}, V.~S. and {Minogin}, V.~G. and {Pavlik}, B.~D.},
    title = "{Cooling and capture of atoms and molecules by a resonant light field}",
  journal = {Soviet Journal of Experimental and Theoretical Physics},
     year = 1977,
   volume = 45,
    pages = {698},
  adsnote = {Provided by the SAO/NASA Astrophysics Data System}
}

@ARTICLE{Bloch12,
   author = {I.Bloch and J.Dalibard and S.Nascimb\`ene},
    title = "{Quantum simulations with ultracold quantum gases}",
  journal = {Nature Physics},
     year = 2012,
   volume = 8,
    pages = {267},
  
}

@article{Ramanathan12,
   author = "Ramanathan, Anand and Muniz, S\'ergio R. and Wright, Kevin C. and Anderson, Russell P. and Phillips, William D. and Helmerson, Kristian and Campbell, Gretchen K.",
title ="Partial-transfer absorption imaging: A versatile technique for optimal imaging of ultracold gases",
journal ="Review of Scientific Instruments",
year = "2012",
volume = "83",
number = "8",
eid = "083119", 
pages = "",
doi = "http://dx.doi.org/10.1063/1.4747163" 
}

@article{Sievers15,
  title = {Simultaneous sub-{D}oppler laser cooling of fermionic $^{6}\mathrm{Li}$ and $^{40}\mathrm{K}$ on the ${D}_{1}$ line: Theory and experiment},
  author = {Sievers, Franz and Kretzschmar, Norman and Fernandes, Diogo Rio and Suchet, Daniel and Rabinovic, Michael and Wu, Saijun and Parker, Colin V. and Khaykovich, Lev and Salomon, Christophe and Chevy, Fr\'ed\'eric},
  journal = {Phys. Rev. A},
  volume = {91},
  issue = {2},
  pages = {023426},
  numpages = {11},
  year = {2015},
  publisher = {American Physical Society},
  doi = {10.1103/PhysRevA.91.023426},
}

@article{Prentiss88, 
author = {M. Prentiss and E. L. Raab and D. E. Pritchard and A. Cable and J. E. Bjorkholm and Steven Chu}, 
journal = {Opt. Lett.}, 
keywords = {},
number = {6}, 
pages = {452--454}, 
publisher = {OSA},
title = {Atomic-density-dependent losses in an optical trap}, 
volume = {13}, 
year = {1988},
doi = {10.1364/OL.13.000452},
abstract = {We have observed that two-body collisions between cold sodium atoms confined within a magnetic-molasses optical trap lead to significant atomic-density-dependent trap losses. Such losses set an upper limit to the product of atomic density and confinement time that can be achieved in such a trap.},
}

@article{Marcassa93,
  title = {Collisional loss rate in a magneto-optical trap for sodium atoms: Light-intensity dependence},
  author = {Marcassa, L. and Bagnato, V. and Wang, Y. and Tsao, C. and Weiner, J. and Dulieu, O. and Band, Y. B. and Julienne, P. S.},
  journal = {Phys. Rev. A},
  volume = {47},
  issue = {6},
  pages = {R4563--R4566},
  numpages = {0},
  year = {1993},
  publisher = {American Physical Society},
  doi = {10.1103/PhysRevA.47.R4563},
}

@article{Walker90,
  title = {Collective behavior of optically trapped neutral atoms},
  author = {Walker, Thad and Sesko, David and Wieman, Carl},
  journal = {Phys. Rev. Lett.},
  volume = {64},
  issue = {4},
  pages = {408--411},
  numpages = {0},
  year = {1990},
  publisher = {American Physical Society},
  doi = {10.1103/PhysRevLett.64.408},
}

@article{Grynberg94,
  author={G. Grynberg and J.-Y. Courtois},
  title={Proposal for a Magneto-Optical Lattice for Trapping Atoms in Nearly-Dark States},
  journal={EPL (Europhysics Letters)},
  volume={27},
  number={1},
  pages={41},
  year={1994},
  abstract={We present a new type of lattice for trapping cold atoms in nearly-dark states where they weakly interact with light. The periodic potential is obtained with fields in a lin âŠ¥ lin configuration tuned on the blue side of a J â†’ J transition and in the presence of a uniform static magnetic field. A numerical analysis performed for J = 4 demonstrates the occurrence of very small absorption widths and large populations in the lowest vibrational states. These lattices should be interesting for increasing the atomic density and for observing delocalized atomic wave functions.}
}

@article{Drewsen96,
  author={M Drewsen and U Drodofsky and C Weber and G Schreiber and J Mlynek},
  title={Sisyphus polarization gradient laser cooling of {C}r atoms on the {J} = 3,  {J}'= 2 , 3 and 4 transitions},
  journal={Journal of Physics B: Atomic, Molecular and Optical Physics},
  volume={29},
  number={23},
  pages={L843},
  year={1996}
}
	
@article{Hemmerich95,
  title = {Trapping Atoms in a Dark Optical Lattice},
  author = {Hemmerich, A. and Weidem\"uller, M. and Esslinger, T. and Zimmermann, C. and H\"ansch, T.},
  journal = {Phys. Rev. Lett.},
  volume = {75},
  issue = {1},
  pages = {37--40},
  numpages = {0},
  year = {1995},
  publisher = {American Physical Society},
  doi = {10.1103/PhysRevLett.75.37}
}

@article{Bouton15,
  title = {Fast production of {B}ose-{E}instein condensates of metastable helium},
  author = {Bouton, Q. and Chang, R. and Hoendervanger, A. L. and Nogrette, F. and Aspect, A. and Westbrook, C. I. and Cl\'ement, D.},
  journal = {Phys. Rev. A},
  volume = {91},
  issue = {6},
  pages = {061402},
  numpages = {5},
  year = {2015},
  publisher = {American Physical Society},
  doi = {10.1103/PhysRevA.91.061402}
}

@article{Cheuk15,
  title = {Quantum-Gas Microscope for Fermionic Atoms},
  author = {Cheuk, Lawrence W. and Nichols, Matthew A. and Okan, Melih and Gersdorf, Thomas and Ramasesh, Vinay V. and Bakr, Waseem S. and Lompe, Thomas and Zwierlein, Martin W.},
  journal = {Phys. Rev. Lett.},
  volume = {114},
  issue = {19},
  pages = {193001},
  numpages = {5},
  year = {2015},
  publisher = {American Physical Society},
  doi = {10.1103/PhysRevLett.114.193001}
}

@ARTICLE{Haller15,
   author = { Haller, Elmar and Hudson,James  and  Kelly,Andrew and Cotta,Dylan A. and  Peaudecerf,Bruno and	 Bruce, Graham D. and  Kuhr,Stefan},
    title = "{Single-atom imaging of fermions in a quantum-gas microscope}",
  journal = {Nature Physics},
     year = 2015,
   volume = 11,
    pages = {738},
  
}

@article{Elman05,
  title = {Near-resonant dark optical lattice with increased occupation},
  author = {Elman, Vladimir and Hemmerich, Andreas},
  journal = {Phys. Rev. A},
  volume = {72},
  issue = {4},
  pages = {043410},
  numpages = {6},
  year = {2005},
  publisher = {American Physical Society},
  doi = {10.1103/PhysRevA.72.043410},
}

@article{Stecher97,
  title = {All-optical gray lattice for atoms},
  author = {Stecher, H. and Ritsch, H. and Zoller, P. and Sander, F. and Esslinger, T. and H\"ansch, T. W.},
  journal = {Phys. Rev. A},
  volume = {55},
  issue = {1},
  pages = {545--551},
  numpages = {0},
  year = {1997},
  publisher = {American Physical Society},
  doi = {10.1103/PhysRevA.55.545}
}

@article{Pestas96,
  title = {Temperature and magnetism of gray optical lattices},
  author = {Petsas, K. I. and Courtois, J.-Y. and Grynberg, G.},
  journal = {Phys. Rev. A},
  volume = {53},
  issue = {4},
  pages = {2533--2538},
  numpages = {0},
  year = {1996},
  publisher = {American Physical Society},
  doi = {10.1103/PhysRevA.53.2533}
}

@article{ Lounis92,
	author = {{B. Lounis} and {C. Cohen-Tannoudji}},
	title = {Coherent population trapping and {F}ano profiles},
	DOI= "10.1051/jp2:1992153",
	journal = {J. Phys. II France},
	year = 1992,
	volume = 2,
	number = 4,
	pages = "579-592"
}
